<?xml version="1.0" encoding="UTF-8"?>
<!DOCTYPE html PUBLIC "-//W3C//DTD XHTML 1.0 Transitional//EN"
    "http://www.w3.org/TR/xhtml1/DTD/xhtml1-transitional.dtd">
<html xmlns="http://www.w3.org/1999/xhtml" xml:lang="en" lang="en">
 <head>
  <title>
</title>
<meta http-equiv="Content-Type" content="text/html;charset=utf-8" />
  <meta name='ocr-system' content='tesseract 3.04.00' />
  <meta name='ocr-capabilities' content='ocr_page ocr_carea ocr_par ocr_line ocrx_word'/>
</head>
<body>
  <div class='ocr_page' id='page_1' title='image "./quidcomicisdebu00rabagoog_0091.png"; bbox 0 0 3425 5167; ppageno 0'>
   <div class='ocr_carea' id='block_1_1' title="bbox 831 539 1051 598">
    <p class='ocr_par' dir='ltr' id='par_1_1' title="bbox 831 539 1051 598">
     <span class='ocr_line' id='line_1_1' title="bbox 831 539 1051 598; baseline -0.005 -17"><span class='ocrx_word' id='word_1_1' title='bbox 831 539 1051 598; x_wconf 82' lang='lat'><strong>-86--</strong></span> 
     </span>
    </p>
   </div>
   <div class='ocr_carea' id='block_1_2' title="bbox 251 647 1446 758">
    <p class='ocr_par' dir='ltr' id='par_1_2' title="bbox 251 647 1446 758">
     <span class='ocr_line' id='line_1_2' title="bbox 251 647 1446 758; baseline 0.003 -22"><span class='ocrx_word' id='word_1_2' title='bbox 251 647 257 667; x_wconf 80' lang='grc'><em>’</em></span> <span class='ocrx_word' id='word_1_3' title='bbox 371 668 552 752; x_wconf 88' lang='lat' dir='ltr'><strong>ridebatur,</strong></span> <span class='ocrx_word' id='word_1_4' title='bbox 571 668 726 752; x_wconf 77' lang='lat' dir='ltr'><strong>irriserat,</strong></span> <span class='ocrx_word' id='word_1_5' title='bbox 744 688 860 739; x_wconf 91' lang='lat' dir='ltr'><strong>omnes</strong></span> <span class='ocrx_word' id='word_1_6' title='bbox 875 666 1028 737; x_wconf 87' lang='lat' dir='ltr'><strong>homines</strong></span> <span class='ocrx_word' id='word_1_7' title='bbox 1042 667 1231 737; x_wconf 87' lang='lat' dir='ltr'><strong>habuerunt</strong></span> <span class='ocrx_word' id='word_1_8' title='bbox 1250 668 1446 758; x_wconf 91' lang='lat' dir='ltr'><strong>discipulos,</strong></span> 
     </span>
    </p>
   </div>
   <div class='ocr_carea' id='block_1_3' title="bbox 370 783 1453 1924">
    <p class='ocr_par' dir='ltr' id='par_1_3' title="bbox 370 783 1451 1807">
     <span class='ocr_line' id='line_1_3' title="bbox 371 783 1447 867; baseline 0 -12"><span class='ocrx_word' id='word_1_9' title='bbox 371 788 640 865; x_wconf 86' lang='lat' dir='ltr'><strong>emendaverunt,</strong></span> <span class='ocrx_word' id='word_1_10' title='bbox 665 790 895 865; x_wconf 84' lang='lat' dir='ltr'><strong>correxerunt;</strong></span> <span class='ocrx_word' id='word_1_11' title='bbox 917 784 972 852; x_wconf 90' lang='lat' dir='ltr'><strong>illa</strong></span> <span class='ocrx_word' id='word_1_12' title='bbox 991 784 1080 867; x_wconf 85' lang='lat' dir='ltr'><strong>vitia,</strong></span> <span class='ocrx_word' id='word_1_13' title='bbox 1105 783 1179 853; x_wconf 90' lang='lat' dir='ltr'><strong>illos</strong></span> <span class='ocrx_word' id='word_1_14' title='bbox 1196 784 1297 853; x_wconf 90' lang='lat' dir='ltr'><strong>animi</strong></span> <span class='ocrx_word' id='word_1_15' title='bbox 1312 786 1447 856; x_wconf 83' lang='lat' dir='ltr'><strong>morbos</strong></span> 
     </span>
     <span class='ocr_line' id='line_1_4' title="bbox 371 891 1448 995; baseline 0 -23"><span class='ocrx_word' id='word_1_16' title='bbox 371 922 456 995; x_wconf 86' lang='lat' dir='ltr'><strong>quos</strong></span> <span class='ocrx_word' id='word_1_17' title='bbox 471 891 579 973; x_wconf 91' lang='lat' dir='ltr'><strong>sanari</strong></span> <span class='ocrx_word' id='word_1_18' title='bbox 593 923 693 994; x_wconf 90' lang='lat' dir='ltr'><strong>posse</strong></span> <span class='ocrx_word' id='word_1_19' title='bbox 713 903 849 973; x_wconf 91' lang='lat' dir='ltr'><strong>omnino</strong></span> <span class='ocrx_word' id='word_1_20' title='bbox 871 900 1041 972; x_wconf 83' lang='lat' dir='ltr'><strong>diffidebat</strong></span> <span class='ocrx_word' id='word_1_21' title='bbox 1061 903 1102 991; x_wconf 77' lang='lat' dir='ltr'><strong>(ll</strong></span> <span class='ocrx_word' id='word_1_22' title='bbox 1127 901 1301 982; x_wconf 76' lang='lat' dir='ltr'><strong>LucianuS,</strong></span> <span class='ocrx_word' id='word_1_23' title='bbox 1326 900 1448 973; x_wconf 87' lang='lat' dir='ltr'><strong>felicis-</strong></span> 
     </span>
     <span class='ocr_line' id='line_1_5' title="bbox 371 1015 1450 1105; baseline 0 -19"><span class='ocrx_word' id='word_1_24' title='bbox 371 1017 454 1088; x_wconf 90' lang='lat' dir='ltr'><strong>sime</strong></span> <span class='ocrx_word' id='word_1_25' title='bbox 470 1028 686 1099; x_wconf 87' lang='lat' dir='ltr'><strong>sanaverunl;</strong></span> <span class='ocrx_word' id='word_1_26' title='bbox 705 1018 793 1087; x_wconf 85' lang='lat' dir='ltr'><strong>illam</strong></span> <span class='ocrx_word' id='word_1_27' title='bbox 811 1017 898 1086; x_wconf 87' lang='lat' dir='ltr'><strong>iuter</strong></span> <span class='ocrx_word' id='word_1_28' title='bbox 916 1016 1034 1086; x_wconf 89' lang='lat' dir='ltr'><strong>divites</strong></span> <span class='ocrx_word' id='word_1_29' title='bbox 1049 1022 1083 1085; x_wconf 88' lang='lat' dir='ltr'><strong>et</strong></span> <span class='ocrx_word' id='word_1_30' title='bbox 1094 1034 1259 1104; x_wconf 80' lang='lat' dir='ltr'><strong>pauperes</strong></span> <span class='ocrx_word' id='word_1_31' title='bbox 1277 1015 1450 1105; x_wconf 85' lang='lat' dir='ltr'><strong>aequalita-</strong></span> 
     </span>
     <span class='ocr_line' id='line_1_6' title="bbox 372 1113 1451 1225; baseline 0.002 -24"><span class='ocrx_word' id='word_1_32' title='bbox 372 1113 438 1203; x_wconf 85' lang='lat' dir='ltr'><strong>tem</strong></span> <span class='ocrx_word' id='word_1_33' title='bbox 457 1133 515 1223; x_wconf 75' lang='grc'><strong>’(2)</strong></span> <span class='ocrx_word' id='word_1_34' title='bbox 545 1154 644 1225; x_wconf 86' lang='lat' dir='ltr'><strong>quam</strong></span> <span class='ocrx_word' id='word_1_35' title='bbox 662 1133 769 1203; x_wconf 90' lang='lat' dir='ltr'><strong>solum</strong></span> <span class='ocrx_word' id='word_1_36' title='bbox 799 1132 889 1201; x_wconf 90' lang='lat' dir='ltr'><strong>inani</strong></span> <span class='ocrx_word' id='word_1_37' title='bbox 915 1151 975 1223; x_wconf 88' lang='lat' dir='ltr'><strong>spo</strong></span> <span class='ocrx_word' id='word_1_38' title='bbox 1001 1141 1035 1203; x_wconf 87' lang='lat' dir='ltr'><strong>et</strong></span> <span class='ocrx_word' id='word_1_39' title='bbox 1060 1130 1206 1221; x_wconf 90' lang='lat' dir='ltr'><strong>quodam</strong></span> <span class='ocrx_word' id='word_1_40' title='bbox 1226 1131 1348 1221; x_wconf 84' lang='lat' dir='ltr'><strong>ingenii</strong></span> <span class='ocrx_word' id='word_1_41' title='bbox 1375 1132 1451 1203; x_wconf 89' lang='lat' dir='ltr'><strong>lusu</strong></span> 
     </span>
     <span class='ocr_line' id='line_1_7' title="bbox 370 1249 1451 1341; baseline 0.002 -22"><span class='ocrx_word' id='word_1_42' title='bbox 370 1250 507 1341; x_wconf 88' lang='lat' dir='ltr'><strong>optabat</strong></span> <span class='ocrx_word' id='word_1_43' title='bbox 522 1250 634 1339; x_wconf 89' lang='lat' dir='ltr'><strong>polius</strong></span> <span class='ocrx_word' id='word_1_44' title='bbox 655 1269 754 1339; x_wconf 87' lang='lat' dir='ltr'><strong>quam</strong></span> <span class='ocrx_word' id='word_1_45' title='bbox 770 1249 924 1339; x_wconf 84' lang='lat' dir='ltr'><strong>sperabat</strong></span> <span class='ocrx_word' id='word_1_46' title='bbox 938 1250 1111 1331; x_wconf 75' lang='lat' dir='ltr'><strong>Lucienus</strong></span> <span class='ocrx_word' id='word_1_47' title='bbox 1135 1249 1182 1317; x_wconf 90' lang='lat' dir='ltr'><strong>illi</strong></span> <span class='ocrx_word' id='word_1_48' title='bbox 1206 1269 1272 1319; x_wconf 94' lang='lat' dir='ltr'><strong>non</strong></span> <span class='ocrx_word' id='word_1_49' title='bbox 1291 1250 1403 1320; x_wconf 89' lang='lat' dir='ltr'><strong>fictam</strong></span> <span class='ocrx_word' id='word_1_50' title='bbox 1419 1260 1451 1321; x_wconf 91' lang='lat' dir='ltr'><strong>et</strong></span> 
     </span>
     <span class='ocr_line' id='line_1_8' title="bbox 371 1367 1450 1458; baseline 0.001 -22"><span class='ocrx_word' id='word_1_51' title='bbox 371 1367 643 1450; x_wconf 88' lang='lat' dir='ltr'><strong>commentitiam,</strong></span> <span class='ocrx_word' id='word_1_52' title='bbox 662 1367 722 1437; x_wconf 89' lang='lat' dir='ltr'><strong>sed</strong></span> <span class='ocrx_word' id='word_1_53' title='bbox 737 1386 848 1436; x_wconf 88' lang='lat' dir='ltr'><strong>veram</strong></span> <span class='ocrx_word' id='word_1_54' title='bbox 861 1376 1029 1438; x_wconf 87' lang='lat' dir='ltr'><strong>etcertam</strong></span> <span class='ocrx_word' id='word_1_55' title='bbox 1041 1367 1275 1458; x_wconf 69' lang='lat' dir='ltr'><strong>prestiterunt,</strong></span> <span class='ocrx_word' id='word_1_56' title='bbox 1291 1377 1324 1440; x_wconf 89' lang='lat' dir='ltr'><strong>ot</strong></span> <span class='ocrx_word' id='word_1_57' title='bbox 1343 1370 1450 1438; x_wconf 92' lang='lat' dir='ltr'><strong>multo</strong></span> 
     </span>
     <span class='ocr_line' id='line_1_9' title="bbox 372 1485 1450 1579; baseline 0.001 -25"><span class='ocrx_word' id='word_1_58' title='bbox 372 1485 542 1575; x_wconf 90' lang='lat' dir='ltr'><strong>potentius</strong></span> <span class='ocrx_word' id='word_1_59' title='bbox 558 1493 674 1554; x_wconf 89' lang='lat' dir='ltr'><strong>mutuo</strong></span> <span class='ocrx_word' id='word_1_60' title='bbox 692 1493 853 1556; x_wconf 86' lang='lat' dir='ltr'><strong>amore-et</strong></span> <span class='ocrx_word' id='word_1_61' title='bbox 873 1485 1033 1575; x_wconf 82' lang='lat' dir='ltr'><strong>religiono</strong></span> <span class='ocrx_word' id='word_1_62' title='bbox 1053 1485 1450 1579; x_wconf 81' lang='lat' dir='ltr'><strong>confirmaverunt-quam</strong></span> 
     </span>
     <span class='ocr_line' id='line_1_10' title="bbox 370 1601 1450 1698; baseline 0 -26"><span class='ocrx_word' id='word_1_63' title='bbox 370 1603 510 1674; x_wconf 89' lang='lat' dir='ltr'><strong>ridicula</strong></span> <span class='ocrx_word' id='word_1_64' title='bbox 534 1604 597 1672; x_wconf 91' lang='lat' dir='ltr'><strong>ista</strong></span> <span class='ocrx_word' id='word_1_65' title='bbox 620 1603 752 1673; x_wconf 89' lang='lat' dir='ltr'><strong>Saturni</strong></span> <span class='ocrx_word' id='word_1_66' title='bbox 777 1602 859 1673; x_wconf 88' lang='lat' dir='ltr'><strong>laloe</strong></span> <span class='ocrx_word' id='word_1_67' title='bbox 885 1612 918 1672; x_wconf 92' lang='lat' dir='ltr'><strong>et</strong></span> <span class='ocrx_word' id='word_1_68' title='bbox 942 1602 1096 1698; x_wconf 86' lang='lat' dir='ltr'><strong>columna</strong></span> <span class='ocrx_word' id='word_1_69' title='bbox 1123 1601 1182 1692; x_wconf 84' lang='lat'><strong>(3),</strong></span> <span class='ocrx_word' id='word_1_70' title='bbox 1200 1622 1283 1691; x_wconf 86' lang='lat' dir='ltr'><strong>quas</strong></span> <span class='ocrx_word' id='word_1_71' title='bbox 1305 1603 1450 1672; x_wconf 84' lang='lat' dir='ltr'><strong>maxime</strong></span> 
     </span>
     <span class='ocr_line' id='line_1_11' title="bbox 371 1704 1202 1807; baseline -0.001 -21"><span class='ocrx_word' id='word_1_72' title='bbox 371 1717 521 1787; x_wconf 91' lang='lat' dir='ltr'><strong>omnium</strong></span> <span class='ocrx_word' id='word_1_73' title='bbox 540 1718 612 1807; x_wconf 92' lang='lat' dir='ltr'><strong>ipse</strong></span> <span class='ocrx_word' id='word_1_74' title='bbox 629 1719 790 1788; x_wconf 87' lang='lat' dir='ltr'><strong>Lucianos</strong></span> <span class='ocrx_word' id='word_1_75' title='bbox 811 1717 1058 1788; x_wconf 79' lang='lat' dir='ltr'><strong>contemnebat.</strong></span> <span class='ocrx_word' id='word_1_76' title='bbox 1076 1735 1080 1752; x_wconf 91' lang='lat'><em>·</em></span> <span class='ocrx_word' id='word_1_77' title='bbox 1199 1704 1202 1708; x_wconf 64' lang='grc'>’</span> 
     </span>
    </p>

    <p class='ocr_par' dir='ltr' id='par_1_4' title="bbox 413 1831 1453 1924">
     <span class='ocr_line' id='line_1_12' title="bbox 413 1831 1453 1924; baseline 0 -21"><span class='ocrx_word' id='word_1_78' title='bbox 413 1835 484 1903; x_wconf 91' lang='lat' dir='ltr'><strong>llon</strong></span> <span class='ocrx_word' id='word_1_79' title='bbox 499 1832 652 1923; x_wconf 81' lang='lat' dir='ltr'><strong>igiturex</strong></span> <span class='ocrx_word' id='word_1_80' title='bbox 668 1835 758 1904; x_wconf 89' lang='lat' dir='ltr'><strong>omni</strong></span> <span class='ocrx_word' id='word_1_81' title='bbox 783 1843 875 1924; x_wconf 89' lang='lat' dir='ltr'><strong>parte</strong></span> <span class='ocrx_word' id='word_1_82' title='bbox 895 1834 1057 1901; x_wconf 79' lang='lat' dir='ltr'><strong>Lucienus</strong></span> <span class='ocrx_word' id='word_1_83' title='bbox 1075 1831 1156 1901; x_wconf 90' lang='lat' dir='ltr'><strong>mihi</strong></span> <span class='ocrx_word' id='word_1_84' title='bbox 1183 1831 1377 1921; x_wconf 88' lang='lat' dir='ltr'><strong>probandus</strong></span> <span class='ocrx_word' id='word_1_85' title='bbox 1405 1835 1453 1904; x_wconf 92' lang='lat' dir='ltr'><strong>ri-</strong></span> 
     </span>
    </p>
   </div>
   <div class='ocr_carea' id='block_1_4' title="bbox 206 1948 1449 2039">
    <p class='ocr_par' dir='ltr' id='par_1_5' title="bbox 206 1948 1449 2039">
     <span class='ocr_line' id='line_1_13' title="bbox 206 1948 1449 2039; baseline 0.002 -22"><span class='ocrx_word' id='word_1_86' title='bbox 206 1982 209 1987; x_wconf 59' lang='lat'>&gt;</span> <span class='ocrx_word' id='word_1_87' title='bbox 267 2026 269 2030; x_wconf 19' lang='lat'><em>⁷</em></span> <span class='ocrx_word' id='word_1_88' title='bbox 371 1948 477 2031; x_wconf 86' lang='lat' dir='ltr'><strong>datur,</strong></span> <span class='ocrx_word' id='word_1_89' title='bbox 511 1948 571 2017; x_wconf 90' lang='lat' dir='ltr'><strong>sed</strong></span> <span class='ocrx_word' id='word_1_90' title='bbox 602 1969 712 2039; x_wconf 89' lang='lat' dir='ltr'><strong>neque</strong></span> <span class='ocrx_word' id='word_1_91' title='bbox 738 1949 986 2039; x_wconf 73' lang='lat' dir='ltr'><strong>vituperandus.</strong></span> <span class='ocrx_word' id='word_1_92' title='bbox 1016 1952 1087 2018; x_wconf 89' lang='lat' dir='ltr'><strong>lmo</strong></span> <span class='ocrx_word' id='word_1_93' title='bbox 1118 1967 1196 2017; x_wconf 89' lang='lat' dir='ltr'><strong>vero</strong></span> <span class='ocrx_word' id='word_1_94' title='bbox 1218 1948 1315 2018; x_wconf 89' lang='lat' dir='ltr'><strong>laudo</strong></span> <span class='ocrx_word' id='word_1_95' title='bbox 1341 1948 1449 2034; x_wconf 90' lang='lat' dir='ltr'><strong>illum,</strong></span> 
     </span>
    </p>
   </div>
   <div class='ocr_carea' id='block_1_5' title="bbox 371 2045 1499 2735">
    <p class='ocr_par' dir='ltr' id='par_1_6' title="bbox 371 2045 1499 2735">
     <span class='ocr_line' id='line_1_14' title="bbox 373 2045 1499 2154; baseline 0.004 -23"><span class='ocrx_word' id='word_1_96' title='bbox 373 2083 476 2152; x_wconf 86' lang='lat' dir='ltr'><strong>quum</strong></span> <span class='ocrx_word' id='word_1_97' title='bbox 496 2064 653 2133; x_wconf 84' lang='lat' dir='ltr'><strong>adversus</strong></span> <span class='ocrx_word' id='word_1_98' title='bbox 671 2064 807 2133; x_wconf 88' lang='lat' dir='ltr'><strong>divitum</strong></span> <span class='ocrx_word' id='word_1_99' title='bbox 825 2045 1032 2154; x_wconf 74' lang='lat' dir='ltr'><strong>superbiam,</strong></span> <span class='ocrx_word' id='word_1_100' title='bbox 1048 2064 1227 2147; x_wconf 80' lang='lat' dir='ltr'><strong>luxuriam,</strong></span> <span class='ocrx_word' id='word_1_101' title='bbox 1253 2064 1453 2154; x_wconf 86' lang='lat' dir='ltr'><strong>importuni·</strong></span> <span class='ocrx_word' id='word_1_102' title='bbox 1495 2103 1499 2111; x_wconf 93' lang='lat'>·</span> 
     </span>
     <span class='ocr_line' id='line_1_15' title="bbox 372 2179 1451 2270; baseline 0.006 -24"><span class='ocrx_word' id='word_1_103' title='bbox 372 2187 489 2261; x_wconf 89' lang='lat' dir='ltr'><strong>talem,</strong></span> <span class='ocrx_word' id='word_1_104' title='bbox 512 2179 669 2250; x_wconf 88' lang='lat' dir='ltr'><strong>adversus</strong></span> <span class='ocrx_word' id='word_1_105' title='bbox 691 2199 875 2270; x_wconf 91' lang='lat' dir='ltr'><strong>pauperum</strong></span> <span class='ocrx_word' id='word_1_106' title='bbox 902 2179 1138 2263; x_wconf 78' lang='lat' dir='ltr'><strong>humilitatem,</strong></span> <span class='ocrx_word' id='word_1_107' title='bbox 1168 2182 1348 2270; x_wconf 81' lang='lat' dir='ltr'><strong>ignaviam,</strong></span> <span class='ocrx_word' id='word_1_108' title='bbox 1369 2184 1451 2252; x_wconf 87' lang='lat' dir='ltr'><strong>stul·</strong></span> 
     </span>
     <span class='ocr_line' id='line_1_16' title="bbox 371 2295 1451 2385; baseline 0.005 -22"><span class='ocrx_word' id='word_1_109' title='bbox 371 2304 503 2385; x_wconf 89' lang='lat' dir='ltr'><strong>lamque</strong></span> <span class='ocrx_word' id='word_1_110' title='bbox 517 2295 770 2365; x_wconf 87' lang='lat' dir='ltr'><strong>admirationem</strong></span> <span class='ocrx_word' id='word_1_111' title='bbox 783 2295 1014 2365; x_wconf 87' lang='lat' dir='ltr'><strong>ardentissimo</strong></span> <span class='ocrx_word' id='word_1_112' title='bbox 1030 2304 1064 2365; x_wconf 85' lang='lat' dir='ltr'><strong>et</strong></span> <span class='ocrx_word' id='word_1_113' title='bbox 1076 2296 1349 2385; x_wconf 86' lang='lat' dir='ltr'><strong>eloquentissime</strong></span> <span class='ocrx_word' id='word_1_114' title='bbox 1359 2298 1451 2368; x_wconf 86' lang='lat' dir='ltr'><strong>inve-</strong></span> 
     </span>
     <span class='ocr_line' id='line_1_17' title="bbox 371 2411 1450 2502; baseline 0.004 -23"><span class='ocrx_word' id='word_1_115' title='bbox 371 2411 473 2494; x_wconf 89' lang='lat' dir='ltr'><strong>hitur,</strong></span> <span class='ocrx_word' id='word_1_116' title='bbox 503 2433 606 2502; x_wconf 90' lang='lat' dir='ltr'><strong>quum</strong></span> <span class='ocrx_word' id='word_1_117' title='bbox 633 2413 813 2483; x_wconf 90' lang='lat' dir='ltr'><strong>clarissime</strong></span> <span class='ocrx_word' id='word_1_118' title='bbox 844 2421 877 2481; x_wconf 90' lang='lat' dir='ltr'><strong>et</strong></span> <span class='ocrx_word' id='word_1_119' title='bbox 902 2411 1169 2500; x_wconf 86' lang='lat' dir='ltr'><strong>ingeniosissime</strong></span> <span class='ocrx_word' id='word_1_120' title='bbox 1194 2411 1340 2481; x_wconf 90' lang='lat' dir='ltr'><strong>ostendit</strong></span> <span class='ocrx_word' id='word_1_121' title='bbox 1367 2413 1450 2483; x_wconf 90' lang='lat' dir='ltr'><strong>nilril</strong></span> 
     </span>
     <span class='ocr_line' id='line_1_18' title="bbox 372 2527 1450 2618; baseline 0.001 -22"><span class='ocrx_word' id='word_1_122' title='bbox 372 2527 570 2598; x_wconf 80' lang='lat' dir='ltr'><strong>discriminis</strong></span> <span class='ocrx_word' id='word_1_123' title='bbox 590 2538 665 2618; x_wconf 88' lang='lat' dir='ltr'><strong>post</strong></span> <span class='ocrx_word' id='word_1_124' title='bbox 690 2536 830 2598; x_wconf 90' lang='lat' dir='ltr'><strong>mortem</strong></span> <span class='ocrx_word' id='word_1_125' title='bbox 859 2548 933 2597; x_wconf 90' lang='lat' dir='ltr'><strong>esse</strong></span> <span class='ocrx_word' id='word_1_126' title='bbox 959 2528 1045 2596; x_wconf 91' lang='lat' dir='ltr'><strong>inter</strong></span> <span class='ocrx_word' id='word_1_127' title='bbox 1064 2529 1241 2618; x_wconf 88' lang='lat' dir='ltr'><strong>opulentos</strong></span> <span class='ocrx_word' id='word_1_128' title='bbox 1262 2535 1294 2596; x_wconf 91' lang='lat' dir='ltr'><strong>et</strong></span> <span class='ocrx_word' id='word_1_129' title='bbox 1310 2547 1450 2617; x_wconf 81' lang='lat' dir='ltr'><strong>egenos,</strong></span> 
     </span>
     <span class='ocr_line' id='line_1_19' title="bbox 371 2643 1451 2735; baseline 0 -23"><span class='ocrx_word' id='word_1_130' title='bbox 371 2664 465 2733; x_wconf 88' lang='lat' dir='ltr'><strong>reges</strong></span> <span class='ocrx_word' id='word_1_131' title='bbox 481 2652 513 2714; x_wconf 88' lang='lat' dir='ltr'><strong>et</strong></span> <span class='ocrx_word' id='word_1_132' title='bbox 527 2645 711 2727; x_wconf 89' lang='lat' dir='ltr'><strong>mendicos,</strong></span> <span class='ocrx_word' id='word_1_133' title='bbox 731 2645 895 2716; x_wconf 85' lang='lat' dir='ltr'><strong>lormosos</strong></span> <span class='ocrx_word' id='word_1_134' title='bbox 911 2652 944 2713; x_wconf 90' lang='lat' dir='ltr'><strong>el</strong></span> <span class='ocrx_word' id='word_1_135' title='bbox 963 2653 1092 2735; x_wconf 78' lang='lat' dir='ltr'><strong>lurpeS,</strong></span> <span class='ocrx_word' id='word_1_136' title='bbox 1114 2664 1217 2734; x_wconf 85' lang='lat' dir='ltr'><strong>quum</strong></span> <span class='ocrx_word' id='word_1_137' title='bbox 1238 2643 1394 2735; x_wconf 88' lang='lat' dir='ltr'><strong>praedicat</strong></span> <span class='ocrx_word' id='word_1_138' title='bbox 1415 2652 1451 2713; x_wconf 87' lang='lat' dir='ltr'><strong>et</strong></span> 
     </span>
    </p>
   </div>
   <div class='ocr_carea' id='block_1_6' title="bbox 271 2760 1449 2851">
    <p class='ocr_par' dir='ltr' id='par_1_7' title="bbox 271 2760 1449 2851">
     <span class='ocr_line' id='line_1_20' title="bbox 271 2760 1449 2851; baseline 0.002 -22"><span class='ocrx_word' id='word_1_139' title='bbox 271 2791 273 2795; x_wconf 30' lang='lat'>⁸</span> <span class='ocrx_word' id='word_1_140' title='bbox 299 2787 302 2795; x_wconf 94' lang='lat'>·</span> <span class='ocrx_word' id='word_1_141' title='bbox 371 2761 549 2830; x_wconf 89' lang='lat' dir='ltr'><strong>secundam</strong></span> <span class='ocrx_word' id='word_1_142' title='bbox 574 2769 607 2831; x_wconf 91' lang='lat' dir='ltr'><strong>et</strong></span> <span class='ocrx_word' id='word_1_143' title='bbox 630 2762 806 2832; x_wconf 86' lang='lat' dir='ltr'><strong>adversam·</strong></span> <span class='ocrx_word' id='word_1_144' title='bbox 821 2761 987 2830; x_wconf 83' lang='lat' dir='ltr'><strong>fortunam</strong></span> <span class='ocrx_word' id='word_1_145' title='bbox 1013 2779 1109 2851; x_wconf 88' lang='lat' dir='ltr'><strong>aequo</strong></span> <span class='ocrx_word' id='word_1_146' title='bbox 1139 2762 1251 2829; x_wconf 88' lang='lat' dir='ltr'><strong>animo</strong></span> <span class='ocrx_word' id='word_1_147' title='bbox 1278 2760 1449 2831; x_wconf 81' lang='lat' dir='ltr'><strong>ferendam</strong></span> 
     </span>
    </p>
   </div>
   <div class='ocr_carea' id='block_1_7' title="bbox 368 2879 1452 3898">
    <p class='ocr_par' dir='ltr' id='par_1_8' title="bbox 368 2879 1452 3668">
     <span class='ocr_line' id='line_1_21' title="bbox 371 2879 1452 2970; baseline 0.003 -26"><span class='ocrx_word' id='word_1_148' title='bbox 371 2880 698 2970; x_wconf 87' lang='lat' dir='ltr'><strong>essc.Laudo,qrrum</strong></span> <span class='ocrx_word' id='word_1_149' title='bbox 709 2880 821 2949; x_wconf 87' lang='lat' dir='ltr'><strong>omnia</strong></span> <span class='ocrx_word' id='word_1_150' title='bbox 832 2880 985 2949; x_wconf 78' lang='lat' dir='ltr'><strong>humanm</strong></span> <span class='ocrx_word' id='word_1_151' title='bbox 997 2891 1122 2948; x_wconf 87' lang='lat' dir='ltr'><strong>natorae</strong></span> <span class='ocrx_word' id='word_1_152' title='bbox 1135 2879 1452 2949; x_wconf 87' lang='lat' dir='ltr'><strong>malasobtilissima</strong></span> 
     </span>
     <span class='ocr_line' id='line_1_22' title="bbox 369 2994 1452 3088; baseline 0.003 -26"><span class='ocrx_word' id='word_1_153' title='bbox 369 2994 492 3086; x_wconf 85' lang='lat' dir='ltr'><strong>ingenii</strong></span> <span class='ocrx_word' id='word_1_154' title='bbox 510 2996 579 3065; x_wconf 89' lang='lat' dir='ltr'><strong>acie</strong></span> <span class='ocrx_word' id='word_1_155' title='bbox 598 2997 756 3086; x_wconf 89' lang='lat' dir='ltr'><strong>perspicit</strong></span> <span class='ocrx_word' id='word_1_156' title='bbox 774 3017 847 3088; x_wconf 84' lang='lat' dir='ltr'><strong>quac</strong></span> <span class='ocrx_word' id='word_1_157' title='bbox 866 3016 1048 3086; x_wconf 86' lang='lat' dir='ltr'><strong>nunqnam,</strong></span> <span class='ocrx_word' id='word_1_158' title='bbox 1072 3004 1129 3064; x_wconf 92' lang='lat' dir='ltr'><strong>aut</strong></span> <span class='ocrx_word' id='word_1_159' title='bbox 1144 2997 1214 3064; x_wconf 91' lang='lat' dir='ltr'><strong>auri</strong></span> <span class='ocrx_word' id='word_1_160' title='bbox 1234 2996 1372 3085; x_wconf 79' lang='lat' dir='ltr'><strong>fulgore,</strong></span> <span class='ocrx_word' id='word_1_161' title='bbox 1395 3004 1452 3074; x_wconf 84' lang='lat' dir='ltr'><strong>aut</strong></span> 
     </span>
     <span class='ocr_line' id='line_1_23' title="bbox 370 3108 1448 3201; baseline 0.004 -24"><span class='ocrx_word' id='word_1_162' title='bbox 370 3108 1448 3201; x_wconf 82' lang='lat' dir='ltr'><strong>honorumpompa,authabilusinsolenliaperstringitur.Laudo,</strong></span> 
     </span>
     <span class='ocr_line' id='line_1_24' title="bbox 370 3226 1449 3316; baseline 0.001 -20"><span class='ocrx_word' id='word_1_163' title='bbox 370 3247 473 3316; x_wconf 83' lang='lat' dir='ltr'><strong>quurn</strong></span> <span class='ocrx_word' id='word_1_164' title='bbox 490 3247 587 3297; x_wconf 92' lang='lat' dir='ltr'><strong>omne</strong></span> <span class='ocrx_word' id='word_1_165' title='bbox 602 3227 823 3309; x_wconf 88' lang='lat' dir='ltr'><strong>mendacium,</strong></span> <span class='ocrx_word' id='word_1_166' title='bbox 841 3246 975 3295; x_wconf 90' lang='lat' dir='ltr'><strong>omnem</strong></span> <span class='ocrx_word' id='word_1_167' title='bbox 994 3228 1171 3297; x_wconf 88' lang='lat' dir='ltr'><strong>vanitatem</strong></span> <span class='ocrx_word' id='word_1_168' title='bbox 1188 3226 1250 3297; x_wconf 85' lang='lat' dir='ltr'><strong>sub</strong></span> <span class='ocrx_word' id='word_1_169' title='bbox 1266 3226 1449 3297; x_wconf 89' lang='lat' dir='ltr'><strong>carminum</strong></span> 
     </span>
     <span class='ocr_line' id='line_1_25' title="bbox 368 3342 1442 3434; baseline 0.002 -24"><span class='ocrx_word' id='word_1_170' title='bbox 368 3346 547 3433; x_wconf 88' lang='lat' dir='ltr'><strong>voluptate,</strong></span> <span class='ocrx_word' id='word_1_171' title='bbox 569 3343 731 3413; x_wconf 88' lang='lat' dir='ltr'><strong>subtritis</strong></span> <span class='ocrx_word' id='word_1_172' title='bbox 749 3344 1024 3432; x_wconf 91' lang='lat' dir='ltr'><strong>philosophorum</strong></span> <span class='ocrx_word' id='word_1_173' title='bbox 1043 3344 1186 3434; x_wconf 89' lang='lat' dir='ltr'><strong>palliolis</strong></span> <span class='ocrx_word' id='word_1_174' title='bbox 1209 3342 1442 3432; x_wconf 90' lang='lat' dir='ltr'><strong>deprehendit,</strong></span> 
     </span>
     <span class='ocr_line' id='line_1_26' title="bbox 370 3458 1449 3549; baseline 0.003 -23"><span class='ocrx_word' id='word_1_175' title='bbox 370 3479 472 3548; x_wconf 88' lang='lat' dir='ltr'><strong>quurn</strong></span> <span class='ocrx_word' id='word_1_176' title='bbox 488 3478 621 3528; x_wconf 88' lang='lat' dir='ltr'><strong>ornnem</strong></span> <span class='ocrx_word' id='word_1_177' title='bbox 632 3458 834 3549; x_wconf 87' lang='lat' dir='ltr'><strong>jactantiam,</strong></span> <span class='ocrx_word' id='word_1_178' title='bbox 848 3478 982 3528; x_wconf 91' lang='lat' dir='ltr'><strong>omnem</strong></span> <span class='ocrx_word' id='word_1_179' title='bbox 992 3459 1332 3541; x_wconf 88' lang='lat' dir='ltr'><strong>lallaciamacerrinrc‚</strong></span> <span class='ocrx_word' id='word_1_180' title='bbox 1349 3460 1449 3530; x_wconf 73' lang='lat' dir='ltr'><strong>inies</strong></span> 
     </span>
     <span class='ocr_line' id='line_1_27' title="bbox 370 3575 1117 3668; baseline -0.003 -23"><span class='ocrx_word' id='word_1_181' title='bbox 370 3575 498 3645; x_wconf 89' lang='lat' dir='ltr'><strong>tissime</strong></span> <span class='ocrx_word' id='word_1_182' title='bbox 516 3585 548 3645; x_wconf 91' lang='lat' dir='ltr'><strong>et</strong></span> <span class='ocrx_word' id='word_1_183' title='bbox 563 3578 658 3667; x_wconf 85' lang='lat' dir='ltr'><strong>quasi</strong></span> <span class='ocrx_word' id='word_1_184' title='bbox 678 3577 807 3668; x_wconf 84' lang='lat' dir='ltr'><strong>capitali</strong></span> <span class='ocrx_word' id='word_1_185' title='bbox 828 3576 907 3646; x_wconf 90' lang='lat' dir='ltr'><strong>odio</strong></span> <span class='ocrx_word' id='word_1_186' title='bbox 928 3578 1117 3647; x_wconf 87' lang='lat' dir='ltr'><strong>insectatur.</strong></span> 
     </span>
    </p>

    <p class='ocr_par' dir='ltr' id='par_1_9' title="bbox 371 3690 1450 3898">
     <span class='ocr_line' id='line_1_28' title="bbox 414 3690 1448 3782; baseline -0.001 -20"><span class='ocrx_word' id='word_1_187' title='bbox 414 3693 446 3762; x_wconf 87' lang='lat' dir='ltr'><strong>si</strong></span> <span class='ocrx_word' id='word_1_188' title='bbox 470 3692 511 3761; x_wconf 92' lang='lat' dir='ltr'><strong>ad</strong></span> <span class='ocrx_word' id='word_1_189' title='bbox 532 3693 662 3763; x_wconf 89' lang='lat' dir='ltr'><strong>dicendi</strong></span> <span class='ocrx_word' id='word_1_190' title='bbox 690 3713 793 3782; x_wconf 78' lang='lat' dir='ltr'><strong>genus</strong></span> <span class='ocrx_word' id='word_1_191' title='bbox 821 3694 966 3777; x_wconf 87' lang='lat' dir='ltr'><strong>venitur,</strong></span> <span class='ocrx_word' id='word_1_192' title='bbox 996 3693 1152 3763; x_wconf 90' lang='lat' dir='ltr'><strong>eumdem</strong></span> <span class='ocrx_word' id='word_1_193' title='bbox 1173 3690 1311 3761; x_wconf 91' lang='lat' dir='ltr'><strong>modum</strong></span> <span class='ocrx_word' id='word_1_194' title='bbox 1336 3701 1448 3763; x_wconf 87' lang='lat' dir='ltr'><strong>tencre</strong></span> 
     </span>
     <span class='ocr_line' id='line_1_29' title="bbox 371 3808 1450 3898; baseline -0.001 -20"><span class='ocrx_word' id='word_1_195' title='bbox 371 3810 524 3879; x_wconf 88' lang='lat' dir='ltr'><strong>conabor.</strong></span> <span class='ocrx_word' id='word_1_196' title='bbox 540 3816 609 3880; x_wconf 88' lang='lat' dir='ltr'><strong>Non</strong></span> <span class='ocrx_word' id='word_1_197' title='bbox 629 3811 786 3880; x_wconf 83' lang='lat' dir='ltr'><strong>omnibus</strong></span> <span class='ocrx_word' id='word_1_198' title='bbox 805 3811 954 3880; x_wconf 91' lang='lat' dir='ltr'><strong>numeris</strong></span> <span class='ocrx_word' id='word_1_199' title='bbox 972 3808 1256 3879; x_wconf 85' lang='lat' dir='ltr'><strong>absolutissimum</strong></span> <span class='ocrx_word' id='word_1_200' title='bbox 1273 3817 1306 3877; x_wconf 87' lang='lat' dir='ltr'><strong>et</strong></span> <span class='ocrx_word' id='word_1_201' title='bbox 1319 3809 1450 3898; x_wconf 87' lang='lat' dir='ltr'><strong>perlec-</strong></span> 
     </span>
    </p>
   </div>
   <div class='ocr_carea' id='block_1_8' title="bbox 402 4089 727 4342">
    <p class='ocr_par' dir='ltr' id='par_1_10' title="bbox 402 4089 727 4342">
     <span class='ocr_line' id='line_1_30' title="bbox 403 4089 618 4159; baseline 0 -17"><span class='ocrx_word' id='word_1_202' title='bbox 403 4093 438 4159; x_wconf 91' lang='lat' dir='ltr'><strong>(l)</strong></span> <span class='ocrx_word' id='word_1_203' title='bbox 454 4089 562 4151; x_wconf 82' lang='lat' dir='ltr'><strong>Charon&#39;,</strong></span> <span class='ocrx_word' id='word_1_204' title='bbox 579 4095 618 4142; x_wconf 77' lang='lat' dir='ltr'><strong>at.</strong></span> 
     </span>
     <span class='ocr_line' id='line_1_31' title="bbox 402 4184 727 4250; baseline -0.003 -16"><span class='ocrx_word' id='word_1_205' title='bbox 402 4184 436 4250; x_wconf 69' lang='lat'><strong>(2)</strong></span> <span class='ocrx_word' id='word_1_206' title='bbox 452 4185 614 4241; x_wconf 82' lang='lat' dir='ltr'><strong>Clrronosol.,</strong></span> <span class='ocrx_word' id='word_1_207' title='bbox 633 4186 670 4242; x_wconf 72' lang='lat'><strong>12,</strong></span> <span class='ocrx_word' id='word_1_208' title='bbox 690 4186 727 4234; x_wconf 89' lang='lat'><strong>18.</strong></span> 
     </span>
     <span class='ocr_line' id='line_1_32' title="bbox 404 4277 581 4342; baseline -0.011 -15"><span class='ocrx_word' id='word_1_209' title='bbox 404 4277 436 4342; x_wconf 74' lang='lat'><strong>(3)</strong></span> <span class='ocrx_word' id='word_1_210' title='bbox 453 4277 581 4328; x_wconf 86' lang='lat' dir='ltr'><strong>Saturnal.</strong></span> 
     </span>
    </p>
   </div>
   <div class='ocr_carea' id='block_1_9' title="bbox 0 0 1718 5167">
    <p class='ocr_par' dir='ltr' id='par_1_11' title="bbox 0 0 1718 5167">
     <span class='ocr_line' id='line_1_33' title="bbox 0 0 1718 5167; baseline 0 0"><span class='ocrx_word' id='word_1_211' title='bbox 0 0 1718 5167; x_wconf 95' lang='lat' dir='ltr'><strong> </strong></span> 
     </span>
    </p>
   </div>
  </div>
 </body>
</html>
