3425 5167
773 540 935 612 —80-

316 651 1391 760 neho,hunctotumesselucieneum:nequeenimhristophani,

316 789 376 858 sed
391 788 533 858 Lucieno
547 787 708 877 aequalem
721 804 892 875 agnosces,
911 794 944 855 et
958 802 1062 854 unum
1075 802 1115 853 en
1128 782 1202 853 istis
1216 782 1343 872 Cynicis
1358 784 1394 850 in

317 904 438 994 quihus
456 902 701 1001 turpissimam,
717 901 1021 992 flagitiosissimam,
1052 898 1394 991 impudentissimam·
1426 905 1432 912 '

316 1038 381 1107 que
396 1019 555 1090 laetorum
572 1027 605 1087 et
622 1016 786 1086 dictorum
810 1015 1066 1107 discrepantiam
1084 1023 1151 1084 tam
1168 1013 1392 1105 pertinaciter,

318 1140 384 1200 tam
403 1131 544 1213 inlense,
564 1138 633 1199 tem
645 1131 784 1216 ridicule
801 1137 917 1201 noster
931 1125 1130 1228 exagitarit..
1312 1197 1316 1202 .

360 1244 606 1334 Philosophiam
624 1262 701 1333 ergo
716 1243 888 1314 comoedi‘ee
904 1242 1067 1313 Lucienus
1084 1242 1255 1334 coniunxit
1270 1264 1277 1310 :
1293 1260 1395 1333 quam

318 1369 446 1441 eutem,
462 1360 531 1449 jam
548 1378 648 1449 supra
661 1358 815 1430 diximus.
833 1358 1026 1446 Epicuream
1042 1356 1166 1428 scilicet
1184 1356 1395 1446 disciplinam
1438 1353 1440 1358 ’

319 1476 436 1565 prohat
455 1499 462 1544 :
484 1483 521 1544 ut
544 1477 717 1564 Epicurus
739 1474 857 1563 vulgus
885 1474 1027 1564 respuit,
1060 1472 1236 1543 amicitiam
1261 1471 1394 1562 plurimi

319 1590 406 1673 lecit,
421 1600 458 1660 ut
472 1590 529 1681 qui
540 1590 582 1660 de
594 1589 738 1659 amicitia
751 1598 859 1659 totum
870 1588 1019 1659 libellum
1033 1588 1218 1677 scripserim
1235 1606 1276 1657 ex
1291 1587 1395 1657 trihus

319 1706 537 1798 philosophiae
566 1706 717 1796 partibus
747 1705 952 1776 dialecticem
981 1704 1165 1775 contemnit
1192 1713 1225 1778 et
1252 1705 1286 1772 in
1312 1704 1396 1794 phy-

321 1822 397 1891 sicis
410 1840 527 1911 parom
539 1820 639 1889 ridet.
656 1820 797 1889 Attende
822 1820 912 1888 enim
934 1839 1000 1909 quo
1015 1818 1115 1889 modo
1144 1817 1395 1889 mathematicos

321 1937 485 2026 exagitet:
503 1958 521 2002 «
539 1935 687 2016 Ridebis,
704 1935 732 2005 si
746 1936 861 2006 audias
877 1934 1068 2024 snperbiam
1083 1935 1215 2013 illorum
1236 1943 1269 2005 et
1285 1934 1397 2025 prodi-

321 2052 447 2140 giosam
468 2050 500 2117 in
517 2048 718 2138 disputando
734 2049 916 2130 audaciam,
940 2050 996 2140 qui
1011 2032 1160 2139 primum
1172 2048 1345 2119 constituti
1364 2050 1396 2117 in

322 2172 419 2246 terra,
437 2171 470 2232 et
486 2162 581 2231 nohis
601 2163 658 2252 qui
675 2162 767 2231 humi
782 2164 930 2254 repimus
948 2164 1050 2233 nihilo
1072 2163 1318 2246 eminentiores,
1339 2163 1397 2233 sed

323 2298 432 2369 neque
447 2279 577 2364 acutius
596 2278 793 2370 quovis-alio
811 2287 1000 2361 cernentes,
1034 2278 1168 2368 quidam
1192 2297 1271 2349 vero
1298 2278 1397 2347 etiam

270 2461 272 2466 .
323 2413 390 2480 prae
413 2400 587 2462 senectute
609 2394 659 2461 rel
675 2392 806 2481 pigritia
830 2391 1056 2476 recollentes,
1078 2403 1188 2463 tamen
1217 2403 1250 2464 et
1271 2394 1346 2463 coeli
1364 2414 1399 2464 se

322 2505 405 2575 fines
422 2505 592 2595 pervidere
607 2505 769 2586 dicerent,
792 2514 825 2576 et
841 2507 921 2576 solis
945 2508 1118 2578 circuitum
1135 2507 1341 2590 metirentur,
1367 2517 1398 2578 et

324 2641 383 2711 per
401 2640 440 2691 ee
459 2640 532 2711 queo
558 2639 658 2709 supra
684 2619 796 2688 lunam
824 2627 919 2701 sunt,
954 2621 1172 2691 incederent:
1191 2629 1224 2690 et
1241 2628 1399 2712 tanquam

325 2734 1397 2825 destellisdelapsimagnitudinesillerumetlormesenarrerent3

326 2851 553 2941 quiquecnm
565 2869 654 2940 saepe
668 2849 809 2920 fortasse
822 2852 1109 2940 nequeahtegaris
1121 2859 1203 2942 quot
1215 2852 1323 2922 stadia
1337 2853 1402 2922 sint

325 2966 468 3033 Athenas
494 2981 613 3055 usque,
631 2971 783 3033 accurate
812 2972 962 3047 nossent,
989 2965 1160 3055 interjecta
1178 2966 1266 3035 inter
1290 2965 1402 3035 lunam

326 3085 360 3153 et
374 3079 480 3149 solem
500 3077 590 3166 regio
607 3084 690 3167 quot
703 3078 746 3146 sit
757 3077 909 3146 ulnarum
924 3078 1083 3148 auderent
1099 3079 1208 3149 dicere
1223 3102 1230 3148 :
1248 3082 1402 3172 aerisque
1422 3125 1425 3130 ·

315 3155 531 3273 ‘altitudines
548 3200 580 3259 et
591 3191 832 3280 profunditates
842 3191 955 3272 maris,
970 3200 1002 3260 et
1018 3201 1114 3263 terrae
1128 3194 1283 3265 circuitus
1299 3194 1404 3263 dime-

326 3306 459 3386 tientes,
470 3307 606 3393 insuper
617 3323 695 3373 vero
710 3304 935 3375 describentes
948 3307 1100 3389 circulos
1120 3317 1153 3378 et
1165 3308 1330 3399 triangula
1349 3329 1405 3379 sn-

210 3419 215 3435 *
328 3438 387 3509 per
404 3418 572 3509 quadratis
583 3418 764 3488 formantes
774 3428 807 3488 et
816 3420 963 3510 sphaeras
975 3423 1135 3511 quasdam
1146 3424 1267 3505 varias,
1281 3425 1402 3494 coelum

328 3552 450 3622 nempe
466 3533 576 3624 ipsum
591 3534 827 3622 permetientes
842 3533 888 3624 (t)
901 3557 918 3602 »
934 3560 941 3603 :
958 3536 1052 3625 quasi
1068 3555 1145 3605 voro
1161 3539 1280 3627 Lyncei
1296 3537 1403 3607 solum

329 3659 362 3714 et
380 3646 460 3715 lolai
481 3646 746 3716 mathematicam
760 3655 864 3716 artem
881 3667 1035 3719 exercere
1047 3659 1196 3738 possent.
1211 3655 1260 3719 lta
1284 3652 1405 3721 intem-

329 3760 625 3849 peranteringenio
637 3762 801 3831 Lucienus
813 3762 972 3851 indulget,
988 3772 1024 3832 ut
1039 3784 1155 3853 perum
1169 3783 1249 3833 sane
1263 3763 1402 3845 eduliae

329 3873 374 3942 ita
393 3873 568 3945 immodice
586 3862 706 3944 rationi
723 3895 858 3946 sensum
873 3897 1084 3948 communem
1098 3877 1270 3968 anteponit
1285 3886 1322 3948 ut
1338 3899 1404 3948 non

364 4194 398 4260 (1)
413 4194 607 4257 Iceromeuipp.,
625 4196 648 4242 6.
