3425 5167
725 546 887 605 ..53-

271 679 370 749 tiliter
381 678 530 748 Eucratis
547 678 735 748 convivium
751 677 928 748 describit?
948 681 1024 746 Haec
1040 675 1220 766 descriptio
1241 676 1348 744 moxi-

268 817 353 865 mam
369 796 436 864 vim
453 796 596 887 ingenii,
622 814 787 864 summam
801 795 990 863 ubertatem
1006 800 1038 862 et
1054 794 1183 881 copiam
1196 800 1344 874 testatur,

268 908 1346 1003 sedquomodoadpropositumpertioetlMinusequidemvideo,

267 1036 301 1097 et
313 1028 376 1098 nisi
391 1027 498 1111 lallor,
517 1027 627 1097 minus
641 1027 776 1096 uidebat
789 1023 862 1116 ip‘se
879 1027 1025 1117 optimus
1044 1023 1211 1114 llicyllus,
1231 1022 1287 1113 qui
1306 1023 1347 1092 ad

267 1152 422 1213 euentum
438 1143 609 1224 festinam,
627 1163 726 1213 suum
740 1142 907 1212 somnium
920 1141 1054 1211 tandem
1067 1160 1199 1209 narrare
1214 1139 1349 1228 incipie-

266 1258 330 1340 bat,
346 1277 458 1349 neque
471 1257 621 1328 Euoratis
631 1256 901 1337 conviviumnisi
915 1255 1074 1345 agarrulo
1084 1252 1181 1341 pollo
1197 1254 1349 1344 interpel-

266 1370 361 1454 latus,
384 1372 449 1441 nisi
469 1372 637 1452 inritatus
657 1371 721 1441 nisi
737 1371 806 1440 lere
819 1371 953 1452 invitus,
979 1369 1155 1439 describit:
1175 1368 1349 1438 verebatur

268 1484 1347 1574 enim‚utait,netaediumafferretbobisautemLucienusneque

267 1606 735 1694 taediumallertnequepotest
748 1605 881 1674 afferre:
899 1610 1009 1673 tantus
1020 1603 1052 1671 in
1067 1603 1123 1672 illo
1136 1604 1242 1692 lepos,
1258 1609 1348 1671 tanta

269 1720 423 1791 doctrinae
439 1720 615 1810 elegantia,
630 1728 722 1789 tanta
736 1719 976 1788 sententiarum
991 1726 1024 1787 et
1039 1721 1215 1786 verborum
1230 1736 1347 1785 venus-

268 1836 323 1902 tasl
336 1832 421 1914 Quin
431 1832 531 1901 etiarn
545 1830 1026 1921 primalectionemediocriter
1036 1830 1245 1900 attendentes
1257 1831 1347 1899 nulla

267 1948 438 2018 ollendunt
451 1947 541 2029 vitia,
553 1946 642 2015 nulla
655 1945 814 2027 alliciunt
830 1947 987 2016 imovero
1002 1946 1094 2035 quasi
1110 1945 1268 2015 orationis
1280 1945 1344 2014 llu-

265 2065 350 2135 mine
370 2064 567 2154 abripimur,
596 2065 773 2153 figurarum
801 2062 995 2152 splendore,
1021 2062 1179 2131 uarietate
1198 2061 1346 2130 delecta-

265 2199 352 2261 mur;
371 2178 431 2248 sed
452 2177 585 2258 deinde,
614 2177 641 2245 si
665 2177 842 2246 lectionem
866 2179 1066 2265 repetimus,
1090 2175 1116 2243 si
1142 2175 1344 2245 diversarum

264 2294 403 2382 partium
420 2291 671 2379 congruentiam
688 2299 788 2380 atque
803 2290 967 2373 ordinem,
985 2310 1095 2381 neque
1118 2298 1246 2359 tantum
1274 2292 1345 2359 sin-

263 2410 346 2499 gula,
359 2411 540 2492 intuemur,
551 2412 578 2478 si
594 2410 773 2499 querimus
786 2428 850 2476 non
866 2407 974 2477 solum
988 2428 1088 2497 quam
1101 2406 1202 2489 bene,
1213 2415 1340 2484 ornate,

262 2527 411 2615 graviter,
433 2526 492 2595 sed
516 2546 615 2615 qnam
636 2533 727 2615 apte,
749 2545 850 2615 quam
871 2533 1074 2614 opportune,
1097 2545 1195 2615 quam
1222 2544 1344 2594 conve-

263 2644 390 2713 nienter
404 2662 544 2734 quaeque
555 2643 664 2732 posita
677 2642 752 2720 sint,
771 2642 871 2711 etiam
886 2650 956 2709 tum
969 2640 1102 2710 Luciani
1116 2640 1343 2711 incredibilem

262 2754 436 2843 quamdam
453 2753 642 2823 facultatem
657 2753 830 2835 miramur,
844 2752 1006 2843 judicium
1025 2751 1167 2843 probare
1183 2771 1249 2820 non
1266 2772 1345 2841 pos-

261 2869 556 2940 sumusllidomus
572 2868 750 2939 enimcum
766 2869 896 2958 longius
909 2888 1007 2959 quam
1023 2867 1219 2961 destinabat,
1230 2868 1344 2957 abrep-

262 2993 415 3054 tumesse
425 2993 496 3054 tum
509 2982 876 3072 descriptionisamore,
891 2990 962 3051 tum
972 2986 1156 3051 Stoicorum
1171 2981 1343 3072 odioquos

261 3120 376 3171 omnes
389 3100 450 3171 sub
462 3100 562 3196 unius
575 3120 729 3189 persona,
746 3099 1013 3189 Thesmopolidis
1029 3098 1168 3178 scilicet,
1186 3099 1343 3169 acerrime

247 3213 450 3311 insectatur.
472 3219 595 3285 Omnes
616 3216 738 3306 ingenii
761 3234 843 3305 opes
862 3215 895 3283 in
915 3214 1209 3303 descriptionibus,
1233 3233 1343 3282 narra-

262 3329 407 3401 tionibus
417 3329 557 3421 aliisque
569 3324 692 3400 talibus
715 3332 796 3401 locis
820 3332 1017 3421 profundat:
1043 3332 1168 3421 optime
1187 3331 1340 3421 quidem;

261 3447 444 3515 Stoicorum
474 3445 708 3527 subtilitatem,
739 3448 906 3516 auaritiam
929 3445 1095 3536 exagitet:
1130 3446 1254 3535 optime
1282 3443 1345 3514 boc

262 3556 375 3639 etiam3
388 3556 448 3627 sed
463 3577 566 3648 quum
577 3577 631 3627 res
644 3558 717 3647 ipsa
732 3567 858 3648 poscet,
876 3578 1047 3648 quumsua
1058 3566 1177 3648 sponte
1193 3568 1344 3627 occurret

261 3677 294 3741 et
307 3690 383 3742 sese
399 3673 516 3743 offeret
536 3673 664 3744 occasio
680 3696 753 3764 qua
774 3694 906 3765 semper
921 3674 1155 3764 exspectanda,
1171 3695 1343 3766 nunquam

262 3777 463 3857 arcessenda
478 3796 540 3858 est.
558 3788 619 3858 Hic
640 3789 756 3858 saltem
777 3810 849 3859 eam
867 3790 979 3859 minus
996 3811 1145 3881 quaerere
1161 3811 1260 3883 quam
1277 3811 1344 3861 non

260 3900 372 3991 fogere
385 3903 524 3987 uidetur,
542 3925 644 3995 quum
656 3905 741 3975 ultro
755 3904 872 3993 pollata
886 3906 1088 3997 aproposito
1101 3905 1345 3997 Micyllumavo-

246 4026 328 4099 -cet;
345 4018 426 4108 quid
446 4020 536 4109 quod
557 4019 725 4090 interdum
741 4041 808 4090 non
825 4022 934 4090 solum
949 4042 1015 4091 noo
1027 4021 1109 4111 fugit
1126 4031 1159 4092 et
1173 4023 1262 4101 vitat,
1280 4022 1338 4121 sed

265 4134 362 4206 etiam
383 4142 493 4225 captat
514 4145 548 4206 et
560 4141 761 4227 aucupaturi
773 4141 815 4205 Ut
827 4137 860 4204 in
874 4135 1156 4224 lcoromeoc'ppo,
1169 4136 1343 4225 Menippus

266 4266 374 4337 neque
386 4250 517 4339 jussus,
529 4269 637 4340 neque
648 4259 782 4340 rogatus
795 4251 961 4341 inceptam
973 4251 1194 4319 narrationem
1206 4243 1344 4341 repente
