3425 5167
849 584 888 595 ...
910 552 947 611 34
973 583 1009 593 .-

315 705 323 714 ·
429 682 590 751 Lucianus
607 683 693 751 hanc
713 679 914 750 haereditatis
933 691 1060 769 partem
1081 684 1164 753 adeo
1188 704 1254 752 non
1279 686 1467 773 repudiavit

386 806 423 865 ut
437 805 542 866 totum
561 797 708 866 libellum
727 797 759 865 in
781 795 956 865 laudandis
971 796 1126 866 Parasitis
1138 799 1382 890 Parasiticaque
1397 810 1465 870 arte

387 912 641 1002 consumpserit.
656 917 867 980 Demonstrat
884 911 1026 980 maximo
1048 912 1237 981 strictorum
1254 933 1465 1003 pressorum·
1544 913 1548 920 '

387 1050 452 1119 que
473 1037 742 1119 argumentorum
756 1027 1138 1118 apparatuParasitioam
1151 1050 1218 1098 non
1236 1030 1342 1099 solum
1362 1038 1465 1100 artem
1546 1075 1549 1080 -

385 1160 474 1222 esse,
495 1139 555 1209 sed
579 1141 678 1208 etiam
699 1140 847 1209 omnium
867 1139 965 1228 longe
986 1140 1149 1228 'optimam
1172 1151 1205 1211 et
1224 1143 1479 1231 praestantissi-.

386 1274 485 1334 mam,
507 1254 574 1322 sive
595 1254 666 1343 ejus
682 1254 733 1323 vel
748 1254 859 1343 ipsum
874 1272 996 1322 nomen
1014 1254 1284 1337 consideraveris,
1308 1257 1376 1325 sive
1391 1276 1465 1346 per·
1512 1288 1517 1292 ·

323 1406 327 1412 ·
386 1368 542 1456 penderis
562 1388 663 1457 qnam
682 1368 775 1438 lacile
796 1370 954 1448 discatur,
976 1390 1076 1458 quam
1093 1370 1240 1460 jucunde
1259 1352 1463 1454 exerceatur,

387 1493 468 1573 quot
486 1484 645 1555 utilitates
661 1485 854 1576 fructusque
870 1486 995 1567 afferat,
1015 1487 1105 1555 nullo
1123 1487 1353 1568 incommodo,
1374 1488 1465 1558 nullo

387 1598 506 1675 labore,
520 1599 692 1688 adjuncto,
723 1600 1005 1689 quampraeclaro
1035 1600 1125 1670 lonte
1155 1601 1293 1680 oriatur,
1323 1602 1467 1671 amicitia

387 1732 518 1803 nempe;
532 1714 601 1784 sivo
612 1728 685 1784 eam
700 1715 942 1803 comparaveris
956 1734 1030 1783 cum
1042 1713 1252 1804 philosophia
1262 1715 1467 1785 etrhetorica
1545 1705 1549 1722 ²

386 1837 660 1918 quaecaeterarnm
673 1832 793 1898 artium
803 1829 898 1900 lacile
911 1830 1075 1919 principes
1088 1834 1237 1900 omnium
1250 1832 1376 1922 judicio
1386 1833 1468 1903 exis-

387 1944 556 2013 timantur.
570 1944 819 2016 Primnmenim
829 1945 871 2014 de
881 1945 1045 2015 rhetorica
1059 1957 1091 2014 et
1102 1946 1323 2037 philosophia,
1340 1948 1462 2030 sintne,

260 2096 264 2105 ·
386 2079 515 2139 annon,
531 2059 714 2141 dubitatur;
727 2058 938 2128 Parasiticam
953 2068 1057 2127 artem
1069 2079 1142 2129 esse
1153 2061 1345 2150 quisneget‚
1361 2083 1465 2151 quum
1545 2063 1549 2072 '

387 2184 454 2244 tam
471 2175 612 2265 pingues
631 2195 689 2243 eos
706 2174 823 2243 reddat
845 2174 901 2265 qni
926 2175 1015 2242 illam
1039 2175 1173 2244 cotantt
1193 2175 1319 2246 Deinde
1333 2176 1466 2246 Parasi-

387 2290 485 2357 ticam
501 2287 719 2377 philosophiae
733 2296 766 2356 at
778 2288 951 2357 rhetoricae
969 2289 1184 2370 antecellere,
1205 2289 1238 2357 id
1256 2290 1400 2359 maximo
1415 2302 1466 2362 est

386 2411 580 2491 argumento
596 2402 686 2491 quod
703 2402 798 2470 multi
817 2402 1062 2492 ephilosophia
1082 2412 1114 2472 et
1129 2404 1292 2475 rhetorica
1307 2404 1347 2473 ad
1360 2409 1465 2475 Para-

387 2518 527 2598 siticam,
547 2502 644 2586 nemo
657 2537 802 2607 unquam
818 2518 1022 2587 eParasitioa
1035 2519 1075 2587 ad
1091 2519 1163 2588 illas
1176 2521 1364 2609 transfugit.
1382 2526 1465 2590 Prae·

387 2641 477 2703 terea
500 2631 692 2721 philosophi
723 2632 940 2722 rhetorasque
961 2632 1049 2701 bello
1081 2634 1215 2702 inutiles
1239 2634 1462 2723 reperiuntur,

386 2749 521 2817 Parasiti
538 2756 650 2817 autem
663 2748 753 2818 domi
768 2749 960 2838 militiaeque
975 2748 1025 2816 vol
1041 2748 1082 2817 ad
1096 2748 1243 2837 speciem
1256 2748 1306 2817 vel
1319 2748 1361 2817 ad
1378 2750 1465 2818 utili-

387 2871 488 2933 tatem
502 2882 568 2932 non
590 2862 800 2932 mediocriter
816 2872 957 2953 prosunt
973 2871 1005 2932 et
1026 2882 1083 2932 eos
1103 2864 1285 2951 praesertim
1306 2857 1474 2953 adjuvant¹

386 2978 537 3068 aquibus
548 2980 693 3047 aluntur.
706 2983 780 3047 Jam
790 2998 868 3047 vero
883 2978 1032 3046 omnium
1043 2976 1238 3057 beatissimi,
1253 2996 1295 3046 ne
1306 2977 1463 3048 divitibus

387 3092 523 3183 quidem
550 3090 706 3179 exceptis
735 3098 768 3159 et
794 3092 913 3165 vivunt,
935 3098 968 3158 et
994 3090 1193 3180 moriuntur.
1222 3094 1271 3159 Ita
1301 3093 1464 3162 Parasitos

386 3207 541 3298 praedicat
554 3206 716 3275 lucianus
731 3206 805 3294 plus
818 3206 918 3275 etiam
932 3224 1030 3294 qnam
1044 3205 1172 3286 comici,
1188 3214 1221 3275 et
1234 3225 1312 3274 eum
1322 3204 1466 3275 libenter
1490 3256 1499 3265 .

387 3309 627 3410 reprehendam
647 3318 737 3409 quod
760 3327 827 3386 tam
847 3318 910 3387 levi
941 3327 973 3387 et
998 3338 1088 3388 ranae
1116 3303 1223 3389 causae
1249 3328 1372 3388 tantam
1399 3321 1464 3389 vim

387 3434 530 3515 dicendi,
547 3442 673 3502 tantum
690 3434 813 3523 ingenii
829 3417 979 3514 acumen,
1000 3442 1123 3503 tantam
1137 3434 1336 3523 ,disputandi
1356 3435 1466 3504 subti-

388 3552 514 3620 litatem
527 3551 701 3639 impendit,
717 3550 780 3618 nisi
793 3550 916 3639 pudeat
932 3549 1018 3618 serio
1031 3548 1275 3637 reprehendere
1291 3549 1381 3638 quod
1396 3568 1465 3618 nnn

379 3652 478 3734 'serio
490 3664 633 3733 seribere
649 3662 769 3753 potuit,
791 3682 893 3752 quum
913 3662 1010 3753 longe
1026 3662 1123 3731 aliam
1142 3663 1341 3732 sententiam
1355 3664 1388 3732 in
1408 3662 1464 3732 illo

388 3778 500 3848 libello
522 3777 679 3847 defendat
704 3776 761 3867 qui
791 3777 831 3846 de
861 3774 1017 3846 Mercede
1047 3774 1243 3846 conductis.
1260 3774 1461 3845 inscribitur.
1556 3833 1560 3868 ,

387 3896 458 3961 Hoc
474 3900 585 3961 tamen
601 3889 701 3960 habet
716 3890 793 3958 mali
816 3891 880 3961 ista
905 3899 1029 3961 temere
1054 3888 1210 3958 laudandi
1238 3891 1463 3973 consuetudo,

388 4007 480 4097 quod
503 4015 599 4075 acuta
617 4006 721 4094 magis
747 4014 779 4073 et
803 4005 974 4095 ingeniosa
1001 4023 1100 4093 quam
1128 4022 1203 4071 vera
1234 4002 1465 4093 simpliciaque

387 4122 534 4192 invenire
550 4121 742 4202 assuefacit;
759 4120 837 4190 inde
854 4118 973 4190 accidit
988 4127 1025 4187 ut
1044 4126 1176 4206 postea,
1205 4116 1233 4184 si
1254 4116 1385 4205 quando
1402 4116 1466 4185 ali-

389 4255 488 4325 quem
501 4244 557 4304 aut
575 4236 699 4325 aliquid
715 4235 800 4304 serio
814 4253 876 4303 neo
896 4252 954 4321 per
967 4232 1079 4319 jocum
1096 4228 1230 4299 laudare
1249 4230 1400 4312 velimus,
1421 4230 1463 4300 ad
