3425 5167
777 556 939 617 -43-

314 689 552 778 plerorumque
563 697 693 759 mentes
707 689 930 758 obcaecarerat
943 695 979 756 ut
992 686 1075 756 nibil
1088 686 1163 756 illos
1174 689 1275 758 stulto
1287 708 1397 761 errore

314 804 455 874 liberare
475 813 602 894 posset.
624 810 756 875 Frustra
770 803 945 874 Alexandri
963 804 1095 891 oracula
1112 814 1231 874 eventu
1249 805 1330 875 falsa
1345 825 1397 875 re-

313 920 539 1009 periebantur,
556 940 689 1011 semper
700 929 809 990 tamen
821 920 850 989 ei
865 918 965 989 fidem
978 918 1192 1000 adhibebaot;
1207 918 1397 989 frustrarir-

315 1037 407 1125 gines
427 1055 618 1127 puerosque
639 1036 805 1116 tentabat,
829 1035 983 1106 colebant
1008 1044 1117 1106 tamen
1137 1043 1170 1105 et
1193 1036 1397 1107 veneraban-

317 1158 378 1232 tur,
402 1149 481 1240 quin
501 1150 568 1219 imo
589 1172 606 1216 <r
626 1170 783 1241 magnum
804 1159 874 1220 erat
887 1150 1068 1240 unicuique
1084 1158 1183 1241 atque
1203 1151 1348 1241 optabile
1368 1152 1395 1220 si
1451 1209 1455 1217 .

317 1264 409 1353 cujus
432 1284 569 1334 uxorem
588 1266 766 1355 aspiceret;
785 1266 812 1334 si
836 1285 914 1335 vero
939 1267 1053 1335 osculo
1074 1267 1174 1336 etiam
1193 1267 1393 1356 dignaretur,

316 1378 490 1450 confestim
509 1390 547 1451 ut
564 1380 653 1451 bona
666 1380 799 1451 lortuna
817 1382 851 1449 in
872 1381 1007 1451 domum
1030 1402 1122 1451 suam
1138 1382 1292 1452 inllueret
1311 1381 1397 1451 tutu·

315 1512 384 1561 rum
401 1511 475 1562 esse
489 1494 721 1583 unusquisque
737 1493 886 1583 putabat.
905 1492 1014 1564 Multae
1034 1514 1111 1564 vero
1128 1494 1226 1563 etlam
1245 1514 1281 1564 se
1296 1512 1396 1584 pepe-

316 1606 395 1676 risse
410 1624 505 1676 exeo
521 1607 747 1697 gloriabantur
761 1616 795 1678 et
806 1627 883 1676 vera
898 1608 970 1676 illas
984 1607 1103 1690 dicere,
1123 1608 1187 1678 illis
1205 1609 1314 1677 mariti
1331 1617 1396 1678 tes-

316 1721 471 1791 tabantur
490 1723 580 1809 tlt.»

358 1842 462 1906 Tanta
478 1835 634 1918 stultitia,
658 1843 747 1904 tanta
767 1834 895 1924 ineptia
916 1833 969 1900 vix
992 1814 1160 1901 credibilis
1177 1831 1331 1901 videtur:
1353 1852 1396 1903 ne

315 1953 466 2042 protinus
483 1959 595 2021 tamen
610 1952 789 2021 Lucianum
807 1968 1001 2019 accusemus
1020 1947 1110 2037 quod
1130 1948 1210 2016 lalsa
1227 1949 1396 2037 scripserit

315 2079 346 2138 et
372 2070 450 2139 odio
475 2068 651 2138 Alexandri
679 2068 790 2157 potios
820 2084 920 2156 quam
950 2066 1079 2133 veritati
1111 2063 1327 2134 consuluerit.
1354 2070 1396 2134 Ut

315 2185 403 2255 enim
418 2205 485 2275 quo
502 2185 648 2254 bumana
661 2183 878 2272 intelligentia
892 2181 1057 2271 progredi,
1069 2180 1114 2249 ita
1126 2190 1158 2251 et
1174 2181 1394 2280 multomagis

314 2302 459 2373 nescitur
486 2321 552 2391 quo
579 2301 755 2392 stupiditas
784 2299 990 2369 descendere
1018 2309 1130 2390 queat.
1161 2299 1241 2382 Quis
1266 2300 1394 2389 ignorat

314 2420 426 2509 paucis
465 2418 560 2487 annis
603 2426 781 2508 antequam
822 2416 901 2484 vixit
940 2415 1137 2498 Alexander,
1183 2415 1392 2505 Apollonium

316 2534 505 2623 Tbyaneum
525 2531 568 2621 (A)
587 2531 714 2602 eisdem
734 2530 907 2600 fraudibus
927 2537 960 2599 et
977 2530 1151 2620 praestigiis
1165 2530 1348 2599 mirabilem
1363 2536 1396 2598 et

244 2630 248 2635 ¹
315 2667 400 2736 pene
415 2648 559 2717 divinam
580 2647 700 2715 lamam
718 2644 780 2717 sibi
802 2644 1059 2734 comparavisse,
1085 2645 1164 2714 dum
1189 2664 1305 2713 omnes
1324 2651 1394 2712 tum

314 2764 415 2839 animi
431 2773 502 2833 tum
519 2764 669 2853 corporis
687 2761 821 2831 morbos
837 2769 982 2843 curaret,
1008 2761 1188 2850 expelleret
1208 2761 1391 2842 damonae,

314 2887 465 2949 mortuos
493 2880 567 2948 vitae
587 2878 763 2949 redderet?
781 2882 851 2947 Nou
878 2877 989 2966 ipsum
1014 2875 1223 2965 Apollonium
1246 2874 1394 2943 audierat
1494 2931 1498 2938 .

314 2996 498 3065 Alexander
524 2996 584 3065 sed
614 2996 775 3085 Apollonii
813 2994 1013 3084 discipulum
1045 3000 1078 3061 et
1107 2991 1301 3082 popularem
1337 2990 1394 3079 qui

316 3129 449 3179 omnem
477 3111 549 3200 ejus
577 3119 681 3179 artem
708 3101 937 3199 fallaciamque
956 3107 1172 3179 combiberat.
1205 3105 1290 3174 Nibil
1318 3125 1394 3194 ergo

315 3222 434 3291 mirum
453 3223 480 3291 si
502 3223 556 3290 tali
573 3222 756 3310 disciplina,
776 3222 830 3291 tali
849 3222 1006 3312 magistro
1024 3241 1117 3301 usus,
1131 3220 1179 3289 eis
1193 3219 1304 3288 lucum
1319 3218 1396 3288 lecit
1515 3259 1519 3265 -

315 3338 373 3428 qui
394 3338 500 3427 decipi
520 3345 552 3408 et
569 3336 722 3407 facillime
746 3346 885 3427 possent
911 3345 943 3407 et
962 3336 1209 3428 quodammodo
1232 3343 1392 3404 amarent.

314 3457 386 3520 Jam
403 3473 479 3522 vero
494 3473 561 3542 quo
579 3452 713 3522 tandem
726 3453 801 3542 iure
815 3452 1028 3542 indignemur
1043 3461 1100 3521 aut
1120 3453 1220 3521 etiam
1236 3450 1396 3519 miremur

316 3568 343 3635 si
356 3567 490 3637 Luciani
505 3575 585 3637 aetas
599 3576 691 3637 tanta
704 3568 842 3637 stultitia
855 3568 1045 3637 laborabat?
1063 3573 1128 3636 llos
1144 3568 1247 3655 ipsos,
1271 3565 1297 3634 si
1321 3566 1396 3655 quis

317 3702 384 3751 rem
405 3683 492 3753 serio
512 3683 720 3752 considerare
737 3682 892 3761 voluerit,
910 3701 977 3750 non
994 3681 1098 3750 multo
1115 3680 1224 3749 minus
1244 3680 1396 3751 credulos

320 3799 352 3860 et
369 3792 508 3861 stolidos
526 3792 679 3882 reperiet.
704 3795 775 3859 Non
796 3791 864 3881 jam
888 3796 1005 3859 statuae
1035 3788 1217 3867 ambulant,
1242 3786 1300 3855 sed
1320 3787 1396 3876 plo-

317 3915 406 3987 rant,
421 3915 585 3989 annuuut,
602 3915 764 3987 renuunt,
779 3923 846 3975 non
861 3906 930 3996 jam
945 3905 1066 3972 mortui
1080 3903 1221 3972 redeunt
1234 3901 1323 3972 vivos
1336 3902 1396 3970 im-

348 4181 383 4247 (1)
394 4180 527 4239 Alexand,
543 4184 585 4230 42.

348 4268 383 4334 (a)
396 4270 551 4329 Philostrat,
567 4268 685 4333 Apollon.
701 4268 744 4317 vit.
