3425 5167
721 508 880 569 -ll—

261 639 598 730 rerumpublicarum
618 647 675 709 aut
689 638 783 709 lamae
798 658 876 710 cura
896 640 1100 711 retineantur
1117 664 1123 710 :
1143 650 1232 713 amet
1244 647 1339 727 llam,

260 755 420 845 quoniam
445 755 490 824 ita
518 772 555 823 se
583 773 694 824 mores
726 753 850 823 habent
877 755 976 824 etiam
1001 755 1090 845 apud
1121 760 1221 839 Deos,
1255 766 1344 847 amet

260 869 390 959 Apollo,
408 877 497 938 amet
510 874 636 950 Venus;
654 869 713 938 scd
730 870 811 958 quid
826 868 917 960 quod
931 870 1285 961 vetulaCybelelttim
1297 869 1340 959 (l)
1430 939 1434 945 .

260 982 412 1072 disperit;
440 983 530 1078 quod
556 984 779 1073 Polyphemus
808 984 856 1072 (2)
886 986 973 1074 turpi
1001 985 1097 1068 lacie,
1129 1005 1197 1055 uno
1226 987 1339 1069 oculo,

260 1100 394 1169 horrida
417 1100 536 1182 barba,
565 1100 690 1171 inculta
710 1108 742 1170 et
764 1100 903 1178 terribili
925 1120 1005 1170 vnce
1025 1100 1184 1171 ridiculos
1212 1121 1342 1171 amores

261 1214 403 1284 Galatea
435 1214 594 1303 suspirat,
629 1214 720 1304 quod
747 1223 837 1283 casta
872 1215 915 1305 (3)
947 1215 1051 1285 Diana
1078 1236 1152 1306 qltae
1177 1236 1196 1284 a
1222 1216 1342 1285 Calisto
1437 1254 1438 1257 π

260 1347 377 1417 parum
401 1326 578 1396 voluntarii
603 1326 746 1416 peccati,
777 1326 818 1395 ab
837 1330 991 1396 Actaeone
1017 1327 1247 1416 imprudentiae
1269 1347 1344 1417 gra-

177 1457 181 1463 ·
229 1520 234 1528 ,
260 1444 411 1513 vissimas
426 1463 542 1533 poenas
565 1444 759 1532 repetierat,
786 1443 831 1513 ita
854 1443 1195 1533 Endymionem'arsit
1210 1452 1247 1512 ut
1267 1463 1343 1513 eum

262 1559 303 1629 de
325 1558 420 1627 terris
442 1558 576 1627 tolleret
595 1566 628 1626 et
651 1558 684 1625 in
707 1560 814 1625 Latmi
836 1566 930 1627 antro
951 1556 1014 1627 s'ibi
1037 1552 1233 1647 seponerett
1258 1556 1344 1639 Quid

262 1673 352 1763 quod
382 1671 785 1762 Jupiterhnminumque
816 1676 990 1763 Deumque
1019 1680 1052 1743 et
1084 1680 1178 1761 pater
1206 1680 1239 1742 et
1265 1691 1341 1752 rex,
1391 1704 1393 1707 ⁴

196 1848 204 1860 .
261 1788 382 1875 sceptri
400 1786 572 1876 majestate
593 1786 757 1874 neglecta,
781 1784 1069 1877 humanarumque
1090 1785 1342 1876 divinarumque

261 1920 372 1970 rerum
389 1920 466 1969 eura
482 1900 625 1994 omissa,
643 1900 787 1991 conjugii
804 1901 870 1970 lide
886 1901 1023 1982 violata,
1047 1919 1163 1969 omues
1187 1900 1238 1968 vel
1263 1899 1344 1968 ridi-

262 2016 445 2086 culissimas
478 2015 600 2085 lormas
632 2015 762 2097 induit,
803 2036 937 2085 ornnem
969 2016 1169 2106 potentiam,
1209 2035 1342 2087 omnem

262 2150 415 2220 operam,
438 2150 537 2201 omne
553 2138 687 2220 tempus
708 2132 749 2201 ad
766 2132 800 2201 id
816 2153 921 2201 unum
942 2132 1072 2203 ridetur
1092 2132 1287 2222 impendere
1307 2143 1345 2203 ut

261 2246 417 2315 mulieres
432 2244 538 2325 sallat,
563 2246 708 2335 decipiat
729 2255 761 2315 et
779 2247 989 2317 ludificetur?

304 2367 377 2431 lam
391 2381 469 2431 vero
487 2382 552 2432 non
572 2364 680 2432 solum
695 2362 777 2432 nihil
797 2362 911 2453 injusti
930 2363 989 2432 sed
1010 2364 1108 2432 etiarn
1127 2361 1207 2431 nihil
1224 2361 1303 2431 mali
1325 2384 1345 2431 a

262 2495 315 2544 me
335 2475 424 2565 passi
451 2475 615 2557 struthii,
646 2474 726 2543 nibil
753 2475 878 2545 liabent
901 2477 990 2566 qnod
1011 2476 1053 2545 de
1073 2496 1126 2546 me
1149 2487 1341 2566 querantur.

262 2596 303 2659 Ut
322 2591 476 2681 singulos·
496 2591 564 2661 lere
594 2609 804 2671 enumerem,
832 2591 913 2682 quid
938 2590 978 2659 de
1000 2610 1055 2660 me
1082 2598 1240 2681 queratur
1264 2590 1345 2677 Vulss

263 2708 385 2773 canus?
413 2685 507 2772 Haud
530 2695 614 2773 adeo
639 2724 796 2793 magnum
818 2723 858 2772 err
884 2704 1053 2773 divinitate
1074 2703 1217 2774 fructum
1237 2704 1345 2793 perci-

261 2819 389 2909 piebat;
405 2819 556 2910 quamvis
568 2840 635 2889 non
648 2818 947 2900 mediocriterltiis,
962 2827 1032 2886 tum
1046 2825 1083 2886 ut
1099 2817 1201 2898 labor,
1218 2826 1288 2885 tum
1307 2826 1344 2886 ut

263 2936 420 3022 pincerna
437 2934 628 3023 prodesset,
647 2934 688 3003 ab
705 2933 862 3002 cornibus
876 2941 986 3002 tamen
1004 2932 1047 3001 ob
1066 2931 1340 3000 claudicationem

262 3049 473 3119 deridebatur
490 3058 524 3117 et
544 3049 728 3137 praesertim
749 3047 790 3116 ab
820 3048 894 3137 ipso
923 3045 1171 3116 claudicationis
1191 3051 1342 3126 anctore;

263 3165 487 3254 Ganymedem
507 3166 551 3254 (ll
574 3173 606 3244 et
624 3145 737 3233 sibiet
756 3166 853 3232 matri
871 3182 939 3232 suae
955 3183 973 3230 a
993 3167 1077 3229 Jove
1090 3161 1239 3250 praeponi
1255 3160 1343 3231 ride·

261 3281 333 3362 bat,
353 3282 498 3371 denique
517 3284 590 3372 ejus
615 3280 746 3369 egregia
768 3277 811 3367 (5)
828 3276 949 3366 conjnx
968 3294 1035 3343 non
1057 3276 1167 3344 minus
1184 3275 1217 3343 in
1235 3272 1343 3344 officio

263 3414 361 3484 quam
379 3398 450 3486 ipse
470 3396 504 3465 in
529 3397 660 3465 incessu
686 3393 902 3464 claudicabat.
933 3397 1094 3462 Caeterum
1124 3392 1170 3460 ita
1193 3410 1281 3480 saepe
1303 3390 1344 3459 de

262 3510 345 3579 coelo
371 3511 405 3578 in
428 3519 532 3581 terras
556 3512 619 3579 iter
645 3510 750 3578 lacere
779 3508 909 3577 solebat
934 3515 969 3575 ut
997 3526 1100 3596 quum
1120 3507 1152 3574 in
1181 3513 1344 3575 aeternum

261 3624 456 3695 deturbatus
472 3625 545 3704 luit,
562 3625 687 3705 delabi,
703 3624 820 3707 credo,
840 3644 906 3693 non
921 3622 1034 3713 dejici,
1054 3621 1258 3692 descendere
1278 3642 1344 3692 non

294 3843 329 3909 (1)
344 3844 439 3905 Dialog.
452 3844 490 3902 b„
508 3843 559 3891 llll.

294 3937 327 4001 (2)
343 3937 438 3999 llialog.
454 3937 483 3985 D.
504 3934 605 3994 llario„
623 3939 644 3983 l.

295 4030 330 4095 (3)
345 4023 441 4092 Dialog.
456 4028 497 4087 b..
515 4033 554 4078 ll.

294 4122 329 4187 (4)
345 4121 441 4183 Dialog.
458 4120 498 4179 b.,
515 4120 543 4169 V.
584 4187 587 4189 q

294 4211 328 4276 (5)
343 4213 438 4277 Dialog.
453 4214 493 4267 ll..
509 4212 603 4271 xlta.
621 4240 651 4249 -
666 4212 715 4271 llll,
730 4217 754 4269 3,
773 4216 812 4260 ll.
