3425 5167
771 584 811 596 ..
832 551 872 613 78
895 584 932 597 ..

313 692 347 753 et
377 682 576 754 effeminatis
608 673 758 752 versibus
775 683 966 772 ¹juventutis
997 702 1109 755 mores
1152 689 1393 773 corrumperet.

313 798 399 880 Quid
415 798 448 868 in
468 799 609 885 Vespis?
628 797 881 895 Atheniensium
896 810 1038 887 pactatus
1058 799 1235 889 exagitare.
1259 796 1345 879 Quid
1361 797 1397 865 in

313 910 467 980 Anthus?
487 911 604 980 Omnia
622 910 690 980 iere
711 910 831 980 civium
855 910 936 979 vitia
955 895 1103 1001 carpere.
1123 915 1206 979 Eum
1226 909 1272 979 ita
1288 909 1396 999 egisse

314 1044 381 1094 non
398 1043 602 1094 succenseo:
625 1023 751 1112 optime
769 1023 869 1092 etiam
894 1023 935 1093 de
956 1024 1083 1094 cirihus
1098 1024 1273 1105 meruisse,
1292 1042 1397 1112 quum

315 1148 467 1208 moneret
496 1131 594 1229 longo
615 1138 702 1209 hello
728 1136 829 1208 finem
859 1139 1080 1228 imponerent,
1110 1138 1219 1208 litium
1247 1157 1396 1209 amorem
1454 1150 1459 1162 ·

316 1261 492 1335 exuerent,
525 1261 694 1323 oratorum
723 1253 925 1344 nequitiam,
957 1252 1125 1343 tragoediae
1152 1272 1269 1343 parum
1294 1252 1397 1321 virilis

318 1368 539 1458 corruptelam
555 1375 763 1457 respuerent,
780 1350 914 1457 primus
922 1368 1070 1436 omnium
1086 1365 1307 1435 libentissime
1324 1359 1398 1435 oon-

316 1480 442 1549 oedam.
463 1480 528 1551 Sed
546 1489 657 1550 tamen
672 1482 761 1563 civis,
790 1501 858 1551 non
878 1480 1069 1570 philosophi
1084 1488 1194 1571 partes
1219 1480 1296 1570 agit,
1317 1480 1396 1566 nihii

315 1598 401 1667 ultre
416 1596 503 1666 cives
519 1604 552 1665 et
567 1596 721 1680 Athenas,
748 1596 829 1666 nihil
846 1598 932 1665 ultra
951 1616 1044 1665 suem
1069 1604 1199 1666 aetatem
1220 1605 1253 1665 et
1278 1596 1397 1665 urbem

316 1719 455 1801 spectet.
477 1710 509 1779 si
530 1730 614 1800 quos
634 1711 826 1800 peregrinos
850 1720 906 1781 eut
921 1712 1034 1800 potius
1052 1711 1221 1791 bethereo,
1238 1718 1276 1780 ut
1294 1708 1397 1780 Graeci

316 1829 488 1911 uocabant,
512 1827 638 1898 inducit
656 1828 689 1895 in
708 1848 852 1909 sconem,
870 1827 1044 1896 ridiculam
1067 1846 1199 1917 semper
1216 1827 1264 1896 eis
1283 1844 1398 1917 perso-

317 1963 394 2011 nam
414 1944 566 2032 imponit.
589 1927 778 2032 Longe'alia
793 1943 929 2012 Lucieni
949 1943 1032 2012 ratio
1053 1966 1060 2011 :
1084 1942 1152 2013 sire
1170 1943 1257 2012 enim
1283 1953 1399 2034 poete-

317 2079 391 2127 rum
409 2057 537 2128 fabulas
566 2058 704 2140 deridet,
728 2058 796 2127 sive
822 2057 1100 2147 philosophorum
1115 2058 1294 2127 vanitatem
1323 2078 1398 2129 exa-

319 2170 1398 2262 gitat,siregloriaeemoremetsuperstitionemlacessit,nonuni

318 2286 455 2375 populu,
473 2285 532 2356 sed
552 2286 707 2355 omnihus
724 2285 882 2368 consulit,
906 2306 972 2355 non
987 2304 1086 2353 suam
1105 2291 1233 2353 tentum
1247 2294 1395 2371 aetatem,

318 2397 378 2467 sed
400 2417 515 2467 omnes
542 2398 688 2485 respicit.
710 2402 841 2467 Graecos
865 2397 1001 2487 quidem
1018 2396 1159 2467 maxime
1180 2399 1332 2468 omnium
1350 2400 1399 2469 di·
1436 2402 1439 2405 ’

318 2512 388 2601 tigit
406 2519 438 2581 et
452 2512 600 2592 miretur,
623 2531 689 2581 non
707 2510 754 2580 ita
767 2520 877 2581 tamen
897 2521 932 2596 ut
952 2512 1041 2601 apud
1057 2530 1116 2581 eos
1136 2515 1247 2582 omnia
1265 2514 1396 2604 probet,

318 2636 351 2697 et
366 2627 523 2699 barbaros
544 2637 751 2710 contemnat;
770 2627 837 2697 imo
856 2647 934 2697 vero
950 2627 1167 2696 harbarorum
1187 2636 1256 2697 tote
1275 2631 1400 2701 Graecia

319 2746 622 2835 contemptissimos
648 2745 758 2833 magni
787 2744 940 2825 aestimat,
969 2743 1107 2833 Scythas
1139 2743 1212 2814 dico
1242 2768 1249 2812 :
1280 2748 1398 2836 Scytha

275 2856 279 2862 ’
319 2869 371 2931 est
383 2860 530 2942 Toxaris,
547 2879 646 2950 quem
663 2858 704 2928 de
718 2859 864 2928 amicitia
875 2856 1399 2949 magnificentissimetluquentem

317 2974 404 3055 tacit
420 2974 538 3064 Scytha
548 2974 744 3044 Anacharsis
759 2973 823 3054 ,cui
839 2971 1105 3064 praeclarissimas
1114 2980 1224 3061 partes
1239 2975 1398 3064 assignat.

316 3091 492 3179 Nunquam
505 3096 615 3158 autem
636 3087 753 3157 clarius
766 3093 1105 3177 apparetquentuma
1118 3088 1253 3158 comicis
1267 3091 1400 3160 recedat

317 3204 493 3285 Lucienus,
516 3224 617 3294 quam
636 3222 739 3293 quum
755 3222 869 3272 eorum
890 3200 1028 3290 vestigia
1046 3202 1196 3290 proxime
1212 3211 1245 3272 et
1258 3202 1401 3294 diligen-

318 3317 444 3385 tissime
459 3317 589 3405 premit.
601 3317 695 3398 Quod
708 3317 796 3385 enim
812 3336 897 3405 opus
912 3315 1017 3396 elteri,
1033 3316 1400 3406 qnamTimooLuoiaui

318 3430 421 3502 Pluto
435 3433 678 3522 Aristophanis,
702 3431 843 3501 similius
863 3450 937 3501 esse
957 3435 1091 3521 potest?
1110 3435 1147 3500 lu
1168 3431 1290 3521 quihus
1311 3432 1399 3503 idem

320 3544 506 3625 consilium,
534 3545 688 3614 eumdem
711 3542 873 3627 ordinem,
898 3543 1029 3613 easdem
1055 3544 1237 3614 sententias
1258 3546 1398 3616 invenis.

319 3657 549 3728 Gravissimem
570 3665 680 3729 temen
698 3658 936 3739 differentiam,
955 3657 1044 3725 iliam
1056 3658 1190 3742 scilicet,
1208 3658 1250 3729 de
1266 3680 1332 3751 que
1347 3682 1402 3730 su-

319 3790 380 3859 pra
394 3768 548 3852 diximus,
563 3770 657 3842 facile
679 3772 922 3863 deprehendes,
941 3773 968 3842 si
985 3772 1037 3841 vel
1054 3772 1191 3861 paulum
1205 3774 1399 3844 attenderis.

319 3883 447 3952 Etenim
464 3883 553 3973 apud
573 3884 826 3976 Aristophanem
841 3887 931 3958 nuile
947 3905 1100 3976 persona,
1119 3888 1207 3977 epud
1223 3888 1401 3959 Lucienum

321 4018 437 4070 omnes
461 3999 529 4069 iero
550 4000 838 4091 philosophantur.
871 4003 1127 4093 Philosophatur
1158 4006 1294 4073 Timon:
1327 4004 1402 4074 ride

320 4112 408 4180 enim
424 4130 523 4200 quam
538 4110 652 4195 libere,
665 4114 824 4185 medicam
839 4113 1004 4204 impie,de
1015 4118 1034 4181 J
1037 4133 1097 4184 ove
1106 4114 1148 4184 ed
1160 4119 1179 4182 J
1182 4134 1277 4184 orem
1290 4116 1401 4205 ipsum

319 4229 486 4313 queratur.
497 4230 649 4311 deceptae,
663 4236 708 4291 καὶ
717 4238 791 4304 ξένιε,
803 4238 848 4293 καὶ
862 4236 979 4310 ἑταιρεῖε,
993 4239 1037 4292 καὶ
1050 4238 1155 4311 ἐφέστιε,
1162 4240 1206 4294 καὶ
1220 4238 1398 4314 ἀστεροπητὰ,
