3425 5167
860 528 1020 587 ..76-

404 657 503 727 modo
520 659 675 748 supplere
688 657 805 748 possit.
817 658 970 741 Proinde,
983 659 1081 729 aliam
1098 659 1185 728 riam
1197 660 1366 749 ingressus
1382 680 1485 751 quam

405 768 539 850 comici,
555 768 673 839 eodem
689 775 799 839 tamen
815 770 923 839 tendit
939 777 972 839 et
989 769 1151 860 pervenit.

448 888 541 955 Nunc
574 905 678 975 quum
709 875 1008 956 demonstrauimus
1039 893 1203 975 quatenus
1238 894 1271 955 et
1301 884 1419 955 similis
1453 894 1487 955 et

405 998 574 1069 dissimilis
605 999 649 1070 sit
672 1002 874 1071 comicorum
906 999 1081 1083 Lucienus,
1109 998 1290 1073 videndum
1319 1007 1370 1067 est
1402 998 1485 1089 quid

406 1115 541 1185 tandem
582 1117 657 1185 novi
695 1115 736 1185 de
770 1135 831 1185 suo
866 1116 1051 1207 prnlnleril.
1093 1114 1131 1184 ld
1167 1122 1278 1185 aulem
1315 1129 1359 1185 ne
1390 1115 1487 1205 igno*

406 1250 533 1312 remus,
564 1234 637 1322 ipse
662 1252 722 1302 nos
747 1232 917 1303 edocendo
945 1231 1086 1326 curarit,
1105 1230 1212 1301 haud
1234 1230 1408 1321 magnifiee
1443 1231 1486 1303 de

406 1367 442 1417 se
467 1348 608 1438 loquens
633 1357 665 1418 et
695 1350 790 1440 quasi
809 1350 932 1419 veritus
960 1370 1002 1419 ne
1025 1348 1134 1420 minus
1159 1349 1244 1420 bene
1274 1349 1484 1440 propositum
1533 1398 1537 1409 -

406 1470 576 1533 assecutus
605 1463 659 1531 sit.
701 1465 812 1546 Volui,
852 1464 1094 1555 inquit,‡dnas
1129 1484 1181 1534 res
1221 1465 1483 1555 pulcherrimas,

406 1576 573 1665 dialogum
599 1577 724 1648 scilicet
746 1586 779 1647 el
810 1579 1021 1661 comoediam,
1045 1582 1273 1670 conjungere:
1296 1578 1356 1649 sed
1382 1580 1484 1650 timeo

308 1708 311 1711 ’
408 1712 482 1761 «ne
511 1692 685 1783 utriusque
712 1692 992 1783 pulchritudinem
1021 1695 1094 1784 ipsa
1120 1695 1262 1764 mixtura
1286 1696 1482 1785 corruperit.

406 1811 520 1899 Neque
539 1810 628 1879 enirn
648 1817 808 1880 consueta
822 1810 910 1878 inter
928 1828 965 1878 se
986 1817 1084 1899 atque
1105 1809 1214 1877 affinia
1235 1795 1276 1879 ab
1301 1810 1397 1881 initio
1420 1811 1486 1881 dia-

407 1926 503 2015 logus
519 1935 553 1995 et
567 1926 730 1996 comoedia
751 1925 843 1995 luere
863 1934 869 1994 ὲ
890 1925 917 1994 si
934 1924 1068 2014 quidem
1084 1925 1140 1994 ille
1156 1925 1246 1995 domi
1271 1934 1304 1995 et
1318 1944 1483 2007 seorsum,

408 2040 606 2124 mehercule,
624 2042 658 2110 in
676 2041 873 2110 ambulacris
889 2059 964 2111 cum
978 2039 1092 2129 paucis
1109 2040 1308 2130 quibusdam
1338 2040 1487 2131 disputa-

409 2157 517 2226 tiones
537 2176 615 2226 suas
637 2156 805 2225 habebat:
834 2156 905 2227 haec
921 2174 998 2225 vero
1017 2144 1144 2227 Baccho
1162 2176 1199 2225 se
1217 2164 1322 2225 lolam
1335 2154 1483 2236 hadone,

408 2271 441 2340 in
463 2272 601 2341 theatris
620 2272 811 2341 versabatur
831 2271 998 2361 simulque
1018 2270 1164 2353 ludebat,
1181 2280 1214 2340 et
1233 2271 1275 2340 ad
1293 2270 1399 2365 risum
1408 2290 1488 2339 ›mo-

409 2386 516 2469 vebat,
540 2385 774 2475 gaudebatque
802 2385 928 2454 salibus
954 2395 987 2456 et
1011 2385 1196 2468 dicacitate,
1215 2394 1248 2455 et
1273 2385 1315 2456 ad
1331 2405 1488 2455 numeros

408 2500 499 2570 tibiae
527 2501 714 2570 incedebat.
750 2500 923 2570 Interdum
956 2500 1055 2570 eliam
1089 2500 1297 2590 anapaesticis
1333 2501 1487 2570 versibus

409 2624 512 2698 vecta,
527 2615 652 2705 Dialogi
669 2623 859 2697 sectatores,
875 2624 912 2685 ut
930 2616 1109 2707 plurimum
1126 2616 1365 2715 subsannabat,
1381 2616 1489 2687 medi-

412 2738 556 2813 ratores,
572 2752 609 2801 ac
628 2750 740 2799 nonos
758 2729 962 2801 sublimiore
980 2744 1099 2801 rerum
1116 2730 1384 2819 disceptatores,
1402 2738 1436 2799 el
1454 2730 1488 2800 id
1548 2711 1553 2717 ⁹

409 2867 513 2937 genus
537 2848 601 2917 alia
616 2848 800 2918 vocitando.
821 2848 927 2939 Eique
948 2849 981 2919 id
996 2847 1089 2919 cordi
1102 2855 1173 2916 erat
1186 2855 1222 2916 ut
1244 2866 1302 2916 eos
1318 2847 1490 2936 sugillaret

410 2971 443 3031 et
461 2962 691 3053 Dionysiaoam
715 2962 811 3032 istam
832 2962 1019 3032 libertatem
1046 2962 1079 3030 in
1097 2980 1155 3031 eos
1171 2962 1371 3041 ellunderet3
1397 2981 1486 3030 nnnc

410 3075 450 3143 io
481 3094 564 3144 dere
595 3073 820 3143 ambulantes
851 3082 884 3143 et
920 3093 997 3143 corn
1027 3071 1176 3143 nubibus
1203 3081 1385 3142 consulates
1415 3073 1489 3142 illos

411 3191 588 3271 exhibens,
625 3210 714 3260 nunc
740 3187 900 3277 pollicum
927 3188 1039 3259 soltus
1070 3188 1271 3269 metientes,
1301 3196 1338 3257 nt
1365 3188 1424 3278 qui
1448 3188 1489 3258 de

409 3306 506 3375 aeriis
522 3314 555 3374 et
572 3304 771 3374 sublimibus
791 3305 863 3373 istis
877 3306 977 3375 rebus
991 3304 1090 3373 nimis
1102 3304 1231 3374 exiliter
1245 3312 1486 3394 argutareutnr.

410 3419 566 3508 Dialogus
596 3440 673 3490 vern
692 3422 899 3509 grauissimas
922 3420 1165 3512 disputationes
1193 3421 1343 3490 babebat
1363 3421 1404 3491 de
1431 3441 1490 3491 na-

409 3541 484 3601 tnra
496 3549 605 3601 rerum
620 3539 652 3600 et
665 3530 708 3600 de
723 3531 843 3601 virtute
863 3531 1130 3621 philosophans:
1154 3534 1199 3602 ita
1216 3542 1263 3613 ut,
1286 3535 1489 3605 musicorum

410 3646 508 3728 illud,
539 3647 590 3716 bis
618 3666 675 3735 per
700 3666 816 3717 omnes
844 3646 984 3716 chordas
1019 3647 1060 3715 ab
1084 3647 1275 3718 acutissimo
1303 3650 1344 3719 ad
1367 3650 1490 3739 gravis-

412 3764 534 3833 simum
551 3783 659 3853 usque
674 3766 760 3833 inter
776 3783 833 3833 eos
850 3772 949 3833 esset.
977 3769 1016 3834 Et
1044 3771 1155 3833 tamen
1175 3764 1246 3835 ausi
1266 3764 1389 3857 luimus
1409 3785 1487 3847 nos,
1537 3766 1544 3777 ‘

412 3882 483 3950 haec
502 3882 547 3950 ita
566 3899 641 3950 sese
658 3880 827 3962 habentia,
848 3880 933 3951 inter
949 3900 1023 3951 sese
1041 3880 1240 3969 conjungere
1263 3888 1295 3949 et
1317 3889 1487 3969 coaptare,

413 3983 487 4066 non
501 3996 683 4066 admodum
708 3995 944 4086 obsequentia,
970 4015 1080 4085 neque
1096 3994 1190 4064 lacile
1206 3994 1399 4064 societatem
1416 4016 1491 4066 sus-

335 4104 339 4109 ’
413 4114 551 4183 tinentia
567 4116 608 4202 (l)
626 4137 657 4183 ».
681 4113 776 4195 Quod
792 4113 922 4183 dubitat
935 4113 1098 4184 Lucienus
1114 4111 1328 4193 lelioiter-ne,
1346 4132 1386 4180 an
1406 4133 1487 4195 non,

445 4307 479 4373 (l)
494 4307 622 4359 Promotll.
639 4310 667 4358 irc
679 4306 770 4357 verbis.
