3425 5167
781 568 820 583 -
841 537 880 598 85
904 568 943 582 ..

327 668 415 738 aliud
435 669 503 740 lere
521 689 622 761 quam
647 672 770 766 latetur
795 690 831 741 se
855 670 1017 753 dubitare,
1047 672 1186 753 haerere,
1214 672 1296 742 nihil
1322 672 1399 743 clari

325 783 447 867 ridere,
465 803 534 855 rem
550 785 666 856 leviter
678 784 817 875 attingit,
833 805 900 855 non
912 785 1047 875 penitus
1058 788 1238 868 scrutatur,
1254 807 1321 858 non
1336 787 1400 858 alte

325 899 510 990 introspicit
525 924 532 971 :
547 909 680 973 veretur
698 921 879 992 nempene
896 901 929 970 in
946 900 1156 973 obscuritatis
1168 902 1291 973 crimen
1308 903 1400 973 cadat
1426 968 1428 971 ,

325 1014 415 1103 quod
434 1016 485 1084 vel
510 1017 653 1086 maxime
674 1019 823 1089 omnium
847 1018 1049 1090 reformidat.
1073 1023 1111 1089 ln
1130 1019 1194 1089 hoo
1211 1001 1396 1107 copientis,

323 1138 360 1199 ut
385 1130 458 1220 ipse
482 1139 587 1213 vocat,
615 1133 726 1204 Lockii
750 1133 960 1225 discipulum,
980 1143 1017 1204 ut
1046 1134 1080 1203 in
1110 1135 1254 1210 Lucieno
1284 1133 1401 1205 dictor·

322 1246 453 1338 Epicuri
468 1248 639 1317 alumnum
652 1248 745 1320 lacile
759 1269 932 1339 agnosces.

342 1385 344 1387 ’
365 1361 552 1432 Videndum
566 1382 654 1433 nunc
674 1364 754 1454 quid
771 1367 904 1436 tandem
921 1365 963 1436 de
977 1366 1124 1437 Luciano
1143 1365 1399 1442 existimandum

322 1480 375 1561 sit,
394 1498 455 1548 seu
471 1478 542 1567 ejus
563 1483 756 1564 sententias,
776 1502 837 1554 seu
856 1483 988 1553 dicendi
1004 1503 1108 1573 genus
1124 1484 1396 1556 consideraveris.

322 1596 381 1664 dlii
405 1595 540 1685 quidem
561 1596 655 1666 illum
680 1598 867 1667 immodicis
891 1597 1046 1667 laudibus
1070 1599 1243 1682 extollunt,
1262 1608 1400 1672 conten—

243 1797 251 1806 ·
321 1711 469 1803 dantque
495 1732 561 1782 non
592 1714 700 1784 solum
729 1715 926 1785 rhetoricam
955 1721 988 1783 et
1018 1712 1278 1805 philosophiam,
1310 1716 1399 1805 quod

321 1825 427 1917 quivis
444 1826 539 1897 laoile
557 1828 763 1911 concederet,
786 1828 845 1899 sed
865 1827 963 1897 etiam
980 1827 1242 1917 grammaticam,
1261 1826 1422 1897 medici--

320 1962 408 2024 nam,
423 1943 645 2032 astrologiam,
650 1923 1035 2033 politicumuno‘verho
1047 1963 1164 2014 omnes
1175 1952 1262 2013 artes
1273 1945 1398 2034 optimo

264 2107 266 2113 .
320 2080 432 2143 nosse,
448 2061 603 2132 omnihus
620 2061 797 2131 virtutihus
817 2060 999 2141 abundare,
1018 2060 1109 2129 nullo
1125 2060 1203 2130 vitio
1220 2060 1368 2130 laborare
1389 2084 1396 2129 :

320 2194 405 2263 quos
422 2174 450 2243 si
466 2173 597 2244 audiret
613 2174 786 2255 Lucienus
804 2173 942 2243 mirarer
966 2175 998 2241 ni
1020 2172 1145 2262 primus
1162 2174 1310 2244 omnium
1323 2174 1398 2264 ipse

319 2310 399 2360 suos
411 2290 600 2361 laudatores
612 2291 772 2360 irrideret.
787 2289 849 2359 Alii
860 2287 1183 2379 contragravissimis
1193 2309 1270 2359 eum
1281 2309 1398 2379 oppro-

317 2405 399 2474 hriis
429 2413 580 2475 onerant.
609 2412 676 2495 Ego
696 2426 773 2476 vero
802 2424 913 2495 neque
939 2404 1015 2486 illis,
1043 2424 1154 2495 neque
1178 2404 1229 2475 his
1260 2425 1395 2495 prorsus

314 2520 493 2610 assentior.
522 2521 701 2592 Lucienum
728 2521 893 2611 improbo,
912 2539 1015 2610 quum
1044 2540 1110 2589 non
1134 2520 1243 2590 solurn
1266 2520 1394 2602 salsam,

318 2635 375 2705 sed
397 2656 508 2706 veram
530 2635 735 2726 religionem,
759 2636 1019 2728 philosophiam,
1049 2638 1260 2727 astrologiam
1288 2637 1398 2708 insee-

319 2758 412 2831 tatur,
433 2771 536 2842 quum
554 2772 620 2821 non
640 2754 749 2822 solum
769 2752 859 2821 leves
880 2761 913 2821 et
933 2752 1212 2833 contemnendos,
1236 2754 1294 2823 sed
1322 2774 1397 2843 gra·

316 2868 467 2938 sissimus
480 2868 632 2938 homines
648 2877 681 2938 et
696 2886 826 2937 summa
845 2867 1056 2937 veneratione
1073 2867 1190 2957 dignos
1208 2869 1241 2937 in
1258 2888 1395 2940 scenam
1508 2933 1513 2941 .

316 2982 516 3055 deridendos
528 2984 678 3065 traducit,
690 2982 950 3074 quumprivatos
961 2982 1392 3054 inimicosintolerahilihus

312 3099 570 3189 prohrislacerat
583 3108 616 3169 et
626 3102 666 3169 ad
681 3098 863 3169 loedissima
875 3098 1013 3168 crimina
1024 3097 1212 3167 descendit.
1222 3099 1393 3189 Improho,

314 3236 416 3305 quum
438 3215 609 3286 hominum
634 3216 880 3287 immolationes
910 3215 1021 3286 ridere
1050 3216 1129 3286 satis
1158 3217 1270 3299 hahet,
1301 3219 1396 3308 quasi
1497 3258 1498 3261 π

314 3334 447 3424 ingenio
460 3334 569 3404 solum
587 3344 675 3404 esset
694 3334 866 3424 praeditus,
888 3334 978 3404 omni
997 3333 1113 3405 alleotu
1135 3343 1271 3417 careret,
1290 3356 1394 3425 quum

314 3449 417 3536 patris
434 3448 559 3518 luctum
577 3448 619 3518 de
632 3449 700 3518 nati
716 3458 822 3519 morte
838 3448 1010 3518 moerentis
1034 3447 1168 3536 indigne
1186 3448 1296 3518 illudit
1312 3449 1396 3537 ipsi-

314 3584 379 3653 que
399 3564 466 3631 lilio
489 3564 696 3653 ingeniosam
712 3564 860 3654 quidem,
873 3562 990 3634 sedvel
1004 3564 1146 3633 maxime
1161 3564 1309 3653 impiam,
1328 3584 1397 3634 ora.

315 3679 439 3749 tionem
459 3678 595 3769 affingit.
619 3679 788 3768 Improho,
816 3695 918 3770 quurn
940 3679 1206 3750 Christianorum
1228 3680 1397 3781 caritatem

314 3796 468 3884 exagitat,
497 3803 529 3863 et
557 3814 615 3864 eos
643 3795 790 3864 stultitiae
818 3794 953 3864 damnat
979 3795 1069 3885 qarod
1097 3815 1215 3865 omnes
1243 3796 1395 3866 homines

314 3907 429 3978 iratres
444 3929 518 3980 esse
535 3908 719 3979 crederent.
734 3909 817 3978 Vide
835 3910 924 3979 enim
941 3911 1021 4001 quid
1037 3910 1192 3981 acciderit
1208 3936 1215 3981 :
1232 3910 1396 3983 Lucianus

314 4025 465 4114 quamvis
476 4024 610 4116 ingenio
625 4033 658 4094 et
670 4024 818 4095 doctrina
830 4026 975 4107 floreret,
986 4025 1113 4095 nullum
1126 4026 1259 4106 autlere
1269 4026 1394 4097 nullum

318 4140 436 4209 hahuit
456 4142 656 4232 discipulum
673 4143 729 4233 qui
745 4141 787 4211 ad
802 4141 974 4211 meliorem
991 4141 1116 4232 frugem
1138 4150 1170 4211 et
1184 4141 1256 4231 ipse
1274 4142 1397 4215 rediret

315 4264 349 4324 et
367 4256 449 4325 alios
465 4266 649 4329 revocaret.
663 4257 721 4328 lsti
738 4276 814 4327 vero
829 4257 921 4327 stulti
943 4277 1028 4347 quos
1045 4256 1262 4347 lepidissime,
1279 4266 1315 4327 ut
1327 4258 1395 4347 sihi
