3425 5167
822 541 960 599 -.6-

245 725 251 734 .
359 693 414 753 ne,
428 690 544 761 parum
555 669 588 739 id
600 668 712 759 curo),
730 689 903 761 nunquam
919 669 1045 753 amisit,
1061 670 1203 740 fraterne
1218 678 1330 739 tamen
1342 690 1436 740 com-

358 786 536 855 municavit
547 804 623 855 cum
636 767 790 873 Neptuno
805 782 868 871 (l),
889 804 965 853 cum
977 784 1136 854 Mercurio
1148 784 1205 873 (t),
1222 784 1435 854 oumBaccho

333 903 416 993 gui
441 922 507 971 non
532 920 572 970 ea
596 907 773 979 contentus
799 898 937 989 insuper
963 908 996 967 et
1020 899 1204 993 jactanctiae
1234 907 1266 969 et
1298 901 1436 991 ignaviae

360 1024 468 1104 partes
493 1016 556 1085 sibi
582 1000 758 1083 vindicarit
775 1013 834 1100 (3),
859 1022 994 1103 paterne
1016 1014 1107 1083 velut
1126 1016 1309 1104 pretiosam
1334 1015 1452 1085 horor

359 1131 496 1199 ditatem
515 1128 695 1198 transmisit
710 1126 779 1196 suis
798 1127 1048 1198 aemulatoribus
1065 1137 1098 1197 et
1112 1116 1151 1197 'ut
1165 1129 1211 1196 ita
1227 1128 1333 1197 dicam
1345 1113 1433 1217 liliis,

358 1246 485 1337 Cynicis
499 1263 621 1333 nempe
640 1243 696 1332 qui
716 1242 808 1312 illum
829 1261 927 1311 suum
943 1242 1101 1330 ’ἀρχηγετὴν
1126 1253 1159 1313 et
1181 1246 1287 1313 Deum
1315 1263 1438 1335 agnos-

358 1353 477 1422 cebant
497 1350 553 1441 (l).
572 1355 643 1420 lt'on
659 1352 764 1420 multo
782 1350 1006 1420 reverentiora
1021 1352 1082 1421 lris
1099 1352 1191 1422 audit
1212 1371 1286 1443 quae
1301 1353 1437 1424 rebellis

358 1466 543 1536 Pisthaeteri
573 1464 710 1558 lascivas
734 1464 842 1533 minas
867 1467 1008 1536 tolerare
1035 1468 1162 1557 cogitur
1185 1468 1245 1557 (5);
1273 1470 1439 1539 Vulcanus

359 1582 412 1651 cni
433 1582 630 1652 claudicatio
656 1581 860 1671 exprobatur
877 1582 940 1672 (6);
970 1590 1003 1651 et
1026 1582 1098 1672 ipse
1118 1585 1249 1672 Jupiter
1272 1584 1328 1673 qui
1349 1604 1439 1654 nunc

358 1698 453 1768 Pluto
480 1697 524 1786 (7)
550 1697 778 1788 postponitur,
804 1716 895 1766 nunc
921 1706 1093 1790 accusatur
1123 1697 1212 1789 quod
1236 1706 1363 1788 patrem
1391 1700 1437 1791 (8)

359 1813 512 1895 vinxerit,
535 1812 626 1903 quod
647 1793 798 1902 perjuros
822 1809 864 1898 (9)
891 1810 1034 1899 negligat
1061 1819 1093 1880 et
1113 1812 1274 1881 innocuas
1295 1832 1439 1902 quercus

359 1927 496 1998 fulmine
513 1928 618 1999 leriat.

403 2044 482 2113 lnde
510 2042 604 2113 facile
634 2050 771 2132 apparet
796 2040 941 2139 antiquae
973 2039 1143 2109 comoediae
1166 2049 1298 2128 poetaS,
1328 2041 1369 2110 ab
1397 2041 1437 2110 iis

360 2158 579 2226 enimomnes
599 2158 662 2226 hos
682 2156 773 2227 locos
785 2157 990 2241 sumsimus,
1011 2157 1139 2225 nullum
1158 2157 1227 2226 iere
1247 2157 1383 2227 modum
1404 2158 1437 2227 in

358 2270 427 2339 Diis
435 2270 611 2341 irridendis
620 2270 811 2339 retinuisse⁴
829 2272 936 2339 Nolim
952 2279 1063 2340 tamen
1081 2253 1327 2358 eosimpietatis
1341 2289 1438 2339 accu-

359 2406 444 2470 sare,
463 2386 587 2476 quippe
606 2387 663 2474 qui
680 2384 824 2467 scribant
840 2386 881 2453 ad
897 2384 1076 2475 jocandum
1090 2404 1199 2474 neque
1214 2385 1319 2453 ullum
1334 2385 1436 2456 linem

360 2502 484 2570 serium
503 2501 565 2570 sibi
596 2508 795 2590 proponant.
820 2504 861 2569 Ut
886 2500 968 2571 alios
994 2500 1158 2581 omittam,
1183 2500 1434 2591 Aristophanes,

360 2615 511 2705 quamvis
535 2615 568 2683 in
595 2614 663 2681 Diis
690 2613 865 2683 irridendis
890 2632 1026 2702 prorsus
1054 2613 1186 2703 ingenio
1213 2614 1382 2703 indulgeat
1404 2624 1445 2684 et

360 2749 478 2799 omnes
491 2730 602 2800 lrenos
617 2730 717 2797 animi
732 2727 873 2797 lasciviae
886 2716 1047 2806 remittat,
1066 2727 1148 2797 adeo
1162 2748 1228 2796 non
1242 2729 1436 2818 religionem
1539 2791 1543 2795 ,

304 2843 309 2851 ⁴
360 2845 556 2916 labefactare
570 2845 750 2915 meditatur
766 2852 822 2914 aut
837 2844 992 2914 hostilem
1009 2844 1166 2914 adversus
1185 2849 1272 2913 Deos
1289 2844 1434 2913 animum

360 2961 457 3049 gerit,
477 2968 513 3028 ut
527 2960 602 3029 illos
618 2968 733 3030 contra
750 2959 967 3049 philosophos
983 2957 1242 3041 studiosissime,
1261 2958 1434 3038 acerrime,

360 3073 538 3162 aliquando
554 3074 652 3157 nimis
672 3073 833 3141 violenter
852 3071 1023 3140 defendat
1044 3077 1151 3161 Atque
1172 3070 1328 3160 equidem
1349 3071 1437 3141 illius

261 3277 264 3281 ι
359 3188 487 3258 labulas
515 3208 681 3279 quaecum
712 3193 855 3257 Deorum
883 3194 916 3256 et
944 3187 1105 3275 imprimis
1135 3188 1251 3256 Bacchi
1279 3188 1436 3277 auspiciis

359 3310 549 3391 agerentur,
569 3312 602 3372 et
615 3299 689 3371 Diis
699 3309 732 3371 et
750 3301 876 3371 Baccho
895 3300 1153 3381 maledicebant,
1172 3301 1327 3371 cumillis
1343 3301 1436 3371 lestis

391 3521 427 3587 (l)
441 3521 611 3583 Aristophan,
627 3521 700 3578 Ares,
717 3521 780 3581 1563
795 3518 865 3583 (edit.
881 3519 1034 3579 Tauchnitz).
1070 3576 1075 3583 g

391 3611 427 3677 (2)
494 3612 531 3660 ld.
616 3612 678 3668 Pax,
694 3611 751 3660 362.
765 3637 798 3646 —
810 3610 913 3668 Plutus,
931 3612 994 3659 1120
1009 3616 1100 3673 etseq.

392 3702 425 3768 (3)
440 3702 612 3765 Aristophan,
628 3702 713 3759 Ranae,
732 3702 815 3750 1-668.

390 3794 426 3859 (4)
440 3794 575 3851 Lucienus,
590 3792 711 3855 Lapithae,
728 3794 767 3841 16.

391 3888 422 3946 (5)
438 3885 575 3947 Aristopb„
591 3885 664 3942 lives,
682 3884 836 3934 taor-1255.

391 3972 425 4038 (6)
441 3977 548 4034 Alcaeus,
565 3975 733 4038 Ganymedes,
751 3977 845 4039 Frag.l
863 3974 1053 4039 (neineck.,11,
1069 3973 1141 4039 825).

392 4066 425 4131 (7)
441 4066 579 4129 Aristopb„
596 4066 694 4124 Plutus,
712 4068 832 4116 120-195.

299 4134 301 4138 ’
392 4153 425 4220 (a)
492 4153 541 4212 m,
592 4152 686 4212 munes,
703 4155 759 4204 uos.

392 4246 425 4310 (9)
493 4246 542 4305 ld.,
609 4245 656 4304 id.,
703 4245 825 4295 396-404.
842 4242 1097 4307 Pimocles,AEgyptii
1114 4241 1256 4306 (balneolo,
1273 4242 1316 4303 lll,
1335 4246 1401 4302 590).
