3425 5167
843 551 1003 611 ..rg..

387 684 497 763 brant,
528 681 691 752 lucianus
719 680 948 750 credulitatem
973 661 1308 768 et'supersti'tionem
1331 684 1388 772 (l);
1418 686 1463 754 illi

334 873 343 883 ,
368 796 627 886 ,frugalitatem
645 796 827 880 tristitiam,
856 796 963 865 victus
985 795 1249 884 simplicitatem,
1278 799 1332 869 hic
1356 802 1465 870 molli-

388 912 478 993 tiam,
493 910 705 981 voracitatem
721 910 782 1000 (ἓ),
801 902 978 980 mulierum
995 918 1027 980 et
1042 929 1224 999 puerorum
1237 934 1385 985 amorem
1403 916 1462 1004 (3);

388 1032 421 1097 in
434 1029 498 1098 illis
509 1029 636 1098 nullum
648 1028 716 1097 lere
727 1027 864 1097 verbum
879 1026 920 1103 de
932 1027 1051 1097 Stoicis
1062 1028 1241 1118 reperitur;
1259 1030 1314 1098 hic
1327 1031 1464 1119 Cynicos

387 1156 420 1217 et
440 1146 568 1216 Stoicos
587 1144 797 1236 potissimum
816 1142 1010 1213 insectatur.
1029 1142 1121 1213 rldde
1142 1147 1233 1234 quod
1247 1144 1293 1213 illi
1313 1144 1465 1234 philoso-

386 1261 528 1350 phorum
551 1277 661 1327 mores
680 1266 826 1335 tantum,
860 1258 913 1328 hic
935 1264 968 1325 et
994 1258 1179 1327 doctrinam
1203 1258 1358 1349 exagitat.
1388 1264 1466 1331 Haec

387 1386 497 1445 autem
519 1373 631 1443 omnia
652 1373 789 1442 minime
810 1372 892 1440 mira
915 1373 975 1442 tibi
990 1372 1208 1454 videbuntur,
1231 1378 1258 1441 si
1277 1373 1467 1444 considera-

386 1493 472 1562 veris
486 1490 667 1561 Lucianum
685 1487 899 1577 comicosque
918 1488 953 1556 in
974 1475 1218 1558 dirersa‘aetate
1236 1488 1356 1557 vixisse
1377 1499 1410 1558 et
1432 1489 1465 1558 in

388 1607 519 1676 diverso
549 1624 650 1694 opere
679 1603 881 1674 elaborasse.
907 1607 1073 1683 ‚Praeterea
1096 1622 1162 1672 non
1189 1622 1263 1671 raro
1297 1623 1372 1673 cum
1400 1603 1464 1697 illis

388 1722 555 1813 congruit,
587 1729 623 1790 ut
650 1739 724 1794 cum
749 1720 967 1809 philosophos
992 1720 1122 1789 incusat
1149 1720 1237 1809 quod
1262 1720 1294 1787 in
1315 1721 1465 1791 oratione

386 1839 520 1927 vitaque
540 1854 654 1906 secum
674 1834 864 1905 discordent
886 1834 945 1924 lt),
973 1833 1064 1923 quod
1087 1834 1128 1902 de
1149 1833 1328 1904 subtilibus
1346 1835 1462 1925 rebus,

387 1956 469 2024 nilril
487 1955 527 2024 ad
548 1971 760 2023 communem
785 1971 884 2021 usurn
909 1948 1167 2039 pertinentibus,
1196 1949 1275 2017 nihil
1294 1951 1335 2019 ad
1354 1970 1467 2021 emen-

388 2070 514 2139 dandos
529 2087 639 2137 mores
655 2066 841 2136 valentibus
855 2065 1026 2154 disputent
1048 2065 1107 2152 (5l;
1131 2063 1266 2143 deinde,
1291 2073 1323 2133 et
1341 2064 1374 2134 id
1398 2066 1467 2135 ler-

388 2192 476 2253 tasse
504 2184 705 2264 maximum,
735 2182 769 2249 in
794 2180 858 2251 boc
889 2181 994 2250 tertiae
1025 2182 1198 2251 comoediae
1232 2182 1340 2272 poetis
1370 2183 1465 2252 valde

273 2332 276 2338 ·
389 2299 508 2369 similis
522 2307 588 2380 est,
613 2295 704 2388 quod
725 2295 834 2384 reipsa
849 2294 959 2363 minus
977 2302 1027 2363 est
1049 2308 1184 2373 σκιπᾳκὸς
1200 2315 1297 2384 quam
1318 2295 1462 2380 videtur,

388 2426 422 2481 et
441 2412 592 2482 eamdem
612 2410 708 2502 plane
728 2409 975 2500 philosophiam
991 2413 1089 2499 quam
1110 2409 1157 2479 illi
1176 2411 1395 2501 amplexatur.

432 2526 527 2596 Haud
543 2524 699 2616 equidem
715 2524 830 2613 ignoro
845 2543 945 2614 quam
960 2543 1065 2612 saepe,
1083 2543 1183 2612 quam
1198 2524 1316 2594 acriter
1331 2525 1467 2595 irrideat

387 2641 577 2731 Pythagorae
598 2659 764 2724 numeros,
783 2658 921 2709 aureum
939 2639 1064 2718 lemur,
1083 2638 1250 2707 silentium
1270 2647 1302 2709 et
1316 2639 1467 2710 insolen-

389 2764 455 2825 tem
469 2756 605 2836 rictum;
623 2754 767 2824 Platonis
778 2754 889 2825 fictam
902 2753 1152 2843 rempublicam,
1171 2753 1212 2823 de
1227 2754 1467 2824 communitate

388 2870 565 2939 mulierum
585 2868 782 2940 concubitus
798 2878 978 2959 precepta,
1004 2869 1045 2938 dc
1068 2888 1180 2938 amore
1196 2888 1377 2959 puerorum
1397 2889 1467 2938 ser-

388 2998 504 3052 mones
520 2981 694 3061 etinanem
708 2983 884 3052 verborum
899 3003 1072 3073 pompam,
1092 2982 1286 3071 Cynicorum
1297 2982 1463 3063 baculum,

279 3166 281 3168 ,
388 3098 522 3168 barbam
536 3106 635 3189 atquc
645 3097 898 3187 impudentiam,
915 3098 1070 3188 Aristippi
1085 3097 1268 3181 mollitiem,
1282 3099 1466 3168 Stoicorum

388 3206 623 3294 subtilitatem,
642 3213 936 3303 Peripateticorum
959 3213 1128 3283 abstrusas
1147 3214 1367 3305 quaestiones,
1387 3220 1467 3305 Pyr-

329 3343 333 3346 *
388 3325 1466 3416 rhonislancemaeternamquedubitationem.dumnulliomnino

291 3523 293 3526 ,
387 3440 606 3530 philosopho,
640 3441 721 3510 nulli
747 3439 929 3529 disciplinae
948 3424 1077 3531 parcat,
1106 3442 1162 3531 qui
1192 3441 1326 3511 tandem
1357 3442 1467 3531 philo-

389 3557 514 3646 sophus
531 3576 604 3627 esse
620 3558 749 3646 potest‘l
767 3558 984 3646 Respondete
1009 3567 1124 3647 posset
1146 3577 1181 3627 se
1207 3578 1273 3628 non
1293 3578 1388 3627 veros
1407 3559 1463 3628 sed

389 3671 489 3741 falsos
502 3671 655 3742 insectari
666 3671 901 3762 philosophos,
918 3681 950 3741 et
960 3672 1043 3741 illud
1057 3673 1166 3762 reipsa
1178 3672 1350 3762 respondit
1363 3674 1465 3743 adeo-

373 3922 375 3925 >
420 3901 455 3967 (l)
470 3902 663 3966 Philopseudes.

421 3994 452 4055 (2)
466 3995 573 4057 Nigrim,
589 3994 710 4058 Lapithas,
726 3995 824 4053 Gallus,
841 4003 889 4045 etc.

420 4090 451 4148 (3)
466 4086 581 4149 Fugitivi,
597 4085 694 4147 Dialogi
707 4086 831 4135 meretric.
848 4086 948 4151 Lapith.

418 4176 455 4242 (t)
473 4179 618 4226 Hermotim.
632 4176 727 4239 Nigrin.
742 4177 840 4241 Lapitb.
855 4179 1023 4241 lcaromenip.
1040 4177 1158 4241 Fugitiv„
1176 4188 1223 4228 etc.

419 4268 453 4333 (5)
469 4268 626 4327 Hermotim,
642 4271 682 4317 8l.
696 4294 728 4304 -
740 4269 835 4331 Dialog.
851 4269 981 4326 Mortuos,
996 4270 1017 4326 l,
1033 4272 1055 4317 t.
1070 4296 1102 4305 -
1114 4270 1227 4319 vitarum
1241 4270 1334 4331 auctio,
1349 4272 1436 4323 2126.
