<?xml version="1.0" encoding="UTF-8"?>
<!DOCTYPE html PUBLIC "-//W3C//DTD XHTML 1.0 Transitional//EN"
    "http://www.w3.org/TR/xhtml1/DTD/xhtml1-transitional.dtd">
<html xmlns="http://www.w3.org/1999/xhtml" xml:lang="en" lang="en">
 <head>
  <title>
</title>
<meta http-equiv="Content-Type" content="text/html;charset=utf-8" />
  <meta name='ocr-system' content='tesseract 3.04.00' />
  <meta name='ocr-capabilities' content='ocr_page ocr_carea ocr_par ocr_line ocrx_word'/>
</head>
<body>
  <div class='ocr_page' id='page_1' title='image "./quidcomicisdebu00rabagoog_0045.png"; bbox 0 0 3425 5167; ppageno 0'>
   <div class='ocr_carea' id='block_1_1' title="bbox 314 530 1398 754">
    <p class='ocr_par' dir='ltr' id='par_1_1' title="bbox 314 530 1398 754">
     <span class='ocr_line' id='line_1_1' title="bbox 772 530 933 590; baseline -0.012 -15"><span class='ocrx_word' id='word_1_1' title='bbox 772 564 809 575; x_wconf 87' lang='lat'><em>-</em></span> <span class='ocrx_word' id='word_1_2' title='bbox 835 530 871 590; x_wconf 70' lang='lat'>40</span> <span class='ocrx_word' id='word_1_3' title='bbox 895 563 933 573; x_wconf 87' lang='lat'>..</span> 
     </span>
     <span class='ocr_line' id='line_1_2' title="bbox 314 661 1398 754; baseline -0.003 -19"><span class='ocrx_word' id='word_1_4' title='bbox 314 684 389 736; x_wconf 85' lang='lat' dir='ltr'>uere</span> <span class='ocrx_word' id='word_1_5' title='bbox 400 664 490 754; x_wconf 85' lang='lat' dir='ltr'>quod</span> <span class='ocrx_word' id='word_1_6' title='bbox 508 662 691 752; x_wconf 81' lang='lat' dir='ltr'>Olympiam</span> <span class='ocrx_word' id='word_1_7' title='bbox 704 682 807 752; x_wconf 88' lang='lat' dir='ltr'>aquas</span> <span class='ocrx_word' id='word_1_8' title='bbox 822 661 972 732; x_wconf 85' lang='lat' dir='ltr'>duxisset</span> <span class='ocrx_word' id='word_1_9' title='bbox 985 673 1018 733; x_wconf 91' lang='lat' dir='ltr'>et</span> <span class='ocrx_word' id='word_1_10' title='bbox 1030 664 1186 753; x_wconf 87' lang='lat' dir='ltr'>praeclara</span> <span class='ocrx_word' id='word_1_11' title='bbox 1198 664 1398 734; x_wconf 90' lang='lat' dir='ltr'>orationeita</span> 
     </span>
    </p>
   </div>
   <div class='ocr_carea' id='block_1_2' title="bbox 214 778 1402 4085">
    <p class='ocr_par' dir='ltr' id='par_1_2' title="bbox 214 778 1402 4085">
     <span class='ocr_line' id='line_1_3' title="bbox 317 778 1398 869; baseline 0.001 -21"><span class='ocrx_word' id='word_1_12' title='bbox 317 780 507 849; x_wconf 91' lang='lat' dir='ltr'>auditorum</span> <span class='ocrx_word' id='word_1_13' title='bbox 524 778 681 847; x_wconf 88' lang='lat' dir='ltr'>invidiam</span> <span class='ocrx_word' id='word_1_14' title='bbox 703 778 736 845; x_wconf 93' lang='lat' dir='ltr'>in</span> <span class='ocrx_word' id='word_1_15' title='bbox 756 796 791 846; x_wconf 91' lang='lat' dir='ltr'>se</span> <span class='ocrx_word' id='word_1_16' title='bbox 808 778 949 846; x_wconf 88' lang='lat' dir='ltr'>concitat</span> <span class='ocrx_word' id='word_1_17' title='bbox 966 786 1003 847; x_wconf 92' lang='lat' dir='ltr'>ut</span> <span class='ocrx_word' id='word_1_18' title='bbox 1024 780 1179 849; x_wconf 88' lang='lat' dir='ltr'>manibus</span> <span class='ocrx_word' id='word_1_19' title='bbox 1204 780 1256 847; x_wconf 85' lang='lat' dir='ltr'>vix</span> <span class='ocrx_word' id='word_1_20' title='bbox 1275 787 1398 869; x_wconf 90' lang='lat' dir='ltr'>tempe-</span> 
     </span>
     <span class='ocr_line' id='line_1_4' title="bbox 315 876 1396 983; baseline 0 -20"><span class='ocrx_word' id='word_1_21' title='bbox 315 895 473 973; x_wconf 85' lang='lat' dir='ltr'>raveriut;</span> <span class='ocrx_word' id='word_1_22' title='bbox 492 902 562 961; x_wconf 89' lang='lat' dir='ltr'>turn</span> <span class='ocrx_word' id='word_1_23' title='bbox 587 900 749 981; x_wconf 89' lang='lat' dir='ltr'>sequente</span> <span class='ocrx_word' id='word_1_24' title='bbox 770 876 964 981; x_wconf 78' lang='lat' dir='ltr'>Olympiade</span> <span class='ocrx_word' id='word_1_25' title='bbox 986 895 1083 963; x_wconf 89' lang='lat' dir='ltr'>aliam</span> <span class='ocrx_word' id='word_1_26' title='bbox 1114 896 1198 963; x_wconf 89' lang='lat' dir='ltr'>viam</span> <span class='ocrx_word' id='word_1_27' title='bbox 1227 895 1396 983; x_wconf 86' lang='lat' dir='ltr'>ingressus</span> 
     </span>
     <span class='ocr_line' id='line_1_5' title="bbox 315 1006 1398 1079; baseline -0.002 0"><span class='ocrx_word' id='word_1_28' title='bbox 315 1009 470 1079; x_wconf 89' lang='lat' dir='ltr'>eumdem</span> <span class='ocrx_word' id='word_1_29' title='bbox 485 1007 651 1077; x_wconf 81' lang='lat' dir='ltr'>Herodem</span> <span class='ocrx_word' id='word_1_30' title='bbox 669 1006 711 1075; x_wconf 90' lang='lat' dir='ltr'>oh</span> <span class='ocrx_word' id='word_1_31' title='bbox 733 1006 886 1076; x_wconf 90' lang='lat' dir='ltr'>eamdem</span> <span class='ocrx_word' id='word_1_32' title='bbox 915 1027 1047 1077; x_wconf 89' lang='lat' dir='ltr'>oausam</span> <span class='ocrx_word' id='word_1_33' title='bbox 1074 1009 1214 1078; x_wconf 90' lang='lat' dir='ltr'>summis</span> <span class='ocrx_word' id='word_1_34' title='bbox 1240 1008 1398 1077; x_wconf 88' lang='lat' dir='ltr'>laudibus</span> 
     </span>
     <span class='ocr_line' id='line_1_6' title="bbox 315 1122 1398 1213; baseline -0.003 -18"><span class='ocrx_word' id='word_1_35' title='bbox 315 1123 457 1205; x_wconf 84' lang='lat' dir='ltr'>extollit;</span> <span class='ocrx_word' id='word_1_36' title='bbox 473 1143 577 1213; x_wconf 88' lang='lat' dir='ltr'>quum</span> <span class='ocrx_word' id='word_1_37' title='bbox 591 1130 702 1190; x_wconf 89' lang='lat' dir='ltr'>autem</span> <span class='ocrx_word' id='word_1_38' title='bbox 712 1122 848 1191; x_wconf 90' lang='lat' dir='ltr'>omnino</span> <span class='ocrx_word' id='word_1_39' title='bbox 860 1122 1089 1211; x_wconf 81' lang='lat' dir='ltr'>negligeretur,</span> <span class='ocrx_word' id='word_1_40' title='bbox 1102 1123 1398 1212; x_wconf 88' lang='lat' dir='ltr'>lertiaOlympiade</span> 
     </span>
     <span class='ocr_line' id='line_1_7' title="bbox 314 1210 1396 1330; baseline -0.002 -23"><span class='ocrx_word' id='word_1_41' title='bbox 314 1238 534 1329; x_wconf 81' lang='lat' dir='ltr'>praedicatae</span> <span class='ocrx_word' id='word_1_42' title='bbox 560 1210 681 1306; x_wconf 74' lang='lat' dir='ltr'>nolum</span> <span class='ocrx_word' id='word_1_43' title='bbox 708 1237 842 1328; x_wconf 85' lang='lat' dir='ltr'>aliquod</span> <span class='ocrx_word' id='word_1_44' title='bbox 859 1239 1084 1327; x_wconf 87' lang='lat' dir='ltr'>spectaculum</span> <span class='ocrx_word' id='word_1_45' title='bbox 1105 1240 1339 1330; x_wconf 79' lang='lat' dir='ltr'>praehituruna,</span> <span class='ocrx_word' id='word_1_46' title='bbox 1365 1240 1396 1306; x_wconf 90' lang='lat' dir='ltr'>in</span> 
     </span>
     <span class='ocr_line' id='line_1_8' title="bbox 315 1332 1400 1443; baseline 0.002 -22"><span class='ocrx_word' id='word_1_47' title='bbox 315 1371 432 1442; x_wconf 87' lang='lat' dir='ltr'>rogum</span> <span class='ocrx_word' id='word_1_48' title='bbox 448 1332 573 1421; x_wconf 77' lang='lat' dir='ltr'>scilicet</span> <span class='ocrx_word' id='word_1_49' title='bbox 592 1371 808 1422; x_wconf 85' lang='lat' dir='ltr'>ascensurum</span> <span class='ocrx_word' id='word_1_50' title='bbox 833 1361 870 1420; x_wconf 93' lang='lat' dir='ltr'>ut</span> <span class='ocrx_word' id='word_1_51' title='bbox 894 1354 987 1420; x_wconf 86' lang='lat' dir='ltr'>vivus</span> <span class='ocrx_word' id='word_1_52' title='bbox 1006 1363 1206 1423; x_wconf 79' lang='lat' dir='ltr'>cremaretur</span> <span class='ocrx_word' id='word_1_53' title='bbox 1228 1362 1261 1423; x_wconf 91' lang='lat' dir='ltr'>et</span> <span class='ocrx_word' id='word_1_54' title='bbox 1288 1356 1400 1443; x_wconf 88' lang='lat' dir='ltr'>reipsa</span> 
     </span>
     <span class='ocr_line' id='line_1_9' title="bbox 316 1468 1400 1561; baseline 0.003 -24"><span class='ocrx_word' id='word_1_55' title='bbox 316 1468 478 1539; x_wconf 87' lang='lat' dir='ltr'>ascendit.</span> <span class='ocrx_word' id='word_1_56' title='bbox 496 1469 584 1537; x_wconf 80' lang='lat' dir='ltr'>Alter</span> <span class='ocrx_word' id='word_1_57' title='bbox 600 1469 653 1557; x_wconf 79' lang='lat' dir='ltr'>(ll,</span> <span class='ocrx_word' id='word_1_58' title='bbox 671 1469 854 1539; x_wconf 79' lang='lat' dir='ltr'>Alcidamas</span> <span class='ocrx_word' id='word_1_59' title='bbox 866 1490 999 1560; x_wconf 84' lang='lat' dir='ltr'>nempe,</span> <span class='ocrx_word' id='word_1_60' title='bbox 1017 1490 1092 1540; x_wconf 89' lang='lat' dir='ltr'>vere</span> <span class='ocrx_word' id='word_1_61' title='bbox 1108 1472 1256 1561; x_wconf 78' lang='lat' dir='ltr'>Cynicus,</span> <span class='ocrx_word' id='word_1_62' title='bbox 1275 1471 1316 1540; x_wconf 88' lang='lat' dir='ltr'>ad</span> <span class='ocrx_word' id='word_1_63' title='bbox 1332 1490 1400 1541; x_wconf 86' lang='lat' dir='ltr'>coe-</span> 
     </span>
     <span class='ocr_line' id='line_1_10' title="bbox 317 1583 1400 1676; baseline 0.004 -25"><span class='ocrx_word' id='word_1_64' title='bbox 317 1602 392 1652; x_wconf 90' lang='lat' dir='ltr'>nam</span> <span class='ocrx_word' id='word_1_65' title='bbox 412 1583 595 1673; x_wconf 79' lang='lat' dir='ltr'>nuptialem</span> <span class='ocrx_word' id='word_1_66' title='bbox 613 1592 732 1673; x_wconf 94' lang='lat' dir='ltr'>sponte</span> <span class='ocrx_word' id='word_1_67' title='bbox 752 1604 862 1675; x_wconf 87' lang='lat' dir='ltr'>neque</span> <span class='ocrx_word' id='word_1_68' title='bbox 875 1586 1031 1656; x_wconf 88' lang='lat' dir='ltr'>invitatus</span> <span class='ocrx_word' id='word_1_69' title='bbox 1060 1588 1165 1667; x_wconf 90' lang='lat' dir='ltr'>venit,</span> <span class='ocrx_word' id='word_1_70' title='bbox 1194 1587 1400 1676; x_wconf 90' lang='lat' dir='ltr'>amplissima</span> 
     </span>
     <span class='ocr_line' id='line_1_11' title="bbox 317 1701 1400 1793; baseline 0.001 -23"><span class='ocrx_word' id='word_1_71' title='bbox 317 1701 420 1770; x_wconf 85' lang='lat' dir='ltr'>frusta</span> <span class='ocrx_word' id='word_1_72' title='bbox 439 1703 511 1772; x_wconf 89' lang='lat' dir='ltr'>aliis</span> <span class='ocrx_word' id='word_1_73' title='bbox 532 1703 628 1792; x_wconf 89' lang='lat' dir='ltr'>eripit</span> <span class='ocrx_word' id='word_1_74' title='bbox 649 1702 815 1792; x_wconf 86' lang='lat' dir='ltr'>avidoque</span> <span class='ocrx_word' id='word_1_75' title='bbox 832 1703 931 1772; x_wconf 89' lang='lat' dir='ltr'>dente</span> <span class='ocrx_word' id='word_1_76' title='bbox 948 1704 1090 1793; x_wconf 83' lang='lat' dir='ltr'>appetit,</span> <span class='ocrx_word' id='word_1_77' title='bbox 1113 1724 1244 1793; x_wconf 85' lang='lat' dir='ltr'>sponsae</span> <span class='ocrx_word' id='word_1_78' title='bbox 1259 1703 1400 1773; x_wconf 91' lang='lat' dir='ltr'>ridicula</span> 
     </span>
     <span class='ocr_line' id='line_1_12' title="bbox 318 1814 1397 1905; baseline 0 -22"><span class='ocrx_word' id='word_1_79' title='bbox 318 1823 351 1884; x_wconf 91' lang='lat' dir='ltr'>et</span> <span class='ocrx_word' id='word_1_80' title='bbox 365 1814 474 1904; x_wconf 86' lang='lat' dir='ltr'>turpia</span> <span class='ocrx_word' id='word_1_81' title='bbox 487 1815 651 1904; x_wconf 87' lang='lat' dir='ltr'>propinat,</span> <span class='ocrx_word' id='word_1_82' title='bbox 670 1815 886 1900; x_wconf 83' lang='lat' dir='ltr'>praesentibus</span> <span class='ocrx_word' id='word_1_83' title='bbox 901 1815 1097 1885; x_wconf 87' lang='lat' dir='ltr'>mulieribus</span> <span class='ocrx_word' id='word_1_84' title='bbox 1110 1814 1266 1905; x_wconf 90' lang='lat' dir='ltr'>pudenda</span> <span class='ocrx_word' id='word_1_85' title='bbox 1282 1817 1397 1905; x_wconf 91' lang='lat' dir='ltr'>aperit,</span> 
     </span>
     <span class='ocr_line' id='line_1_13' title="bbox 214 1909 1399 2031; baseline 0 -32"><span class='ocrx_word' id='word_1_86' title='bbox 214 2022 217 2026; x_wconf 12' lang='grc' dir='ltr'><strong>ῃ</strong></span> <span class='ocrx_word' id='word_1_87' title='bbox 319 1948 393 1999; x_wconf 90' lang='lat' dir='ltr'>curn</span> <span class='ocrx_word' id='word_1_88' title='bbox 409 1949 521 2031; x_wconf 67' lang='lat' dir='ltr'>scnpra</span> <span class='ocrx_word' id='word_1_89' title='bbox 540 1909 684 1999; x_wconf 78' lang='lat' dir='ltr'>luctatur</span> <span class='ocrx_word' id='word_1_90' title='bbox 700 1930 730 1998; x_wconf 92' lang='lat' dir='ltr'>ei</span> <span class='ocrx_word' id='word_1_91' title='bbox 745 1927 898 1998; x_wconf 90' lang='lat' dir='ltr'>invidens</span> <span class='ocrx_word' id='word_1_92' title='bbox 919 1929 1009 2020; x_wconf 88' lang='lat' dir='ltr'>quod</span> <span class='ocrx_word' id='word_1_93' title='bbox 1028 1931 1156 2020; x_wconf 84' lang='lat' dir='ltr'>jamdiu</span> <span class='ocrx_word' id='word_1_94' title='bbox 1181 1932 1272 1999; x_wconf 89' lang='lat' dir='ltr'>solus</span> <span class='ocrx_word' id='word_1_95' title='bbox 1290 1938 1399 2000; x_wconf 90' lang='lat' dir='ltr'>toturn</span> 
     </span>
     <span class='ocr_line' id='line_1_14' title="bbox 318 2042 1397 2132; baseline 0.001 -20"><span class='ocrx_word' id='word_1_96' title='bbox 318 2043 503 2112; x_wconf 83' lang='lat' dir='ltr'>convivium</span> <span class='ocrx_word' id='word_1_97' title='bbox 520 2042 752 2113; x_wconf 69' lang='lat' dir='ltr'>delectabant</span> <span class='ocrx_word' id='word_1_98' title='bbox 768 2042 900 2113; x_wconf 90' lang='lat' dir='ltr'>duobus</span> <span class='ocrx_word' id='word_1_99' title='bbox 915 2062 1033 2113; x_wconf 90' lang='lat' dir='ltr'>omnes</span> <span class='ocrx_word' id='word_1_100' title='bbox 1049 2043 1174 2113; x_wconf 82' lang='lat' dir='ltr'>discere</span> <span class='ocrx_word' id='word_1_101' title='bbox 1192 2062 1372 2132; x_wconf 90' lang='lat' dir='ltr'>possumus</span> <span class='ocrx_word' id='word_1_102' title='bbox 1390 2066 1397 2113; x_wconf 91' lang='lat'>:</span> 
     </span>
     <span class='ocr_line' id='line_1_15' title="bbox 318 2156 1398 2247; baseline 0 -22"><span class='ocrx_word' id='word_1_103' title='bbox 318 2158 413 2226; x_wconf 86' lang='lat' dir='ltr'>valde</span> <span class='ocrx_word' id='word_1_104' title='bbox 432 2166 543 2227; x_wconf 86' lang='lat' dir='ltr'>autem</span> <span class='ocrx_word' id='word_1_105' title='bbox 559 2159 728 2228; x_wconf 85' lang='lat' dir='ltr'>numerosi</span> <span class='ocrx_word' id='word_1_106' title='bbox 744 2167 850 2239; x_wconf 88' lang='lat' dir='ltr'>erant,</span> <span class='ocrx_word' id='word_1_107' title='bbox 871 2178 946 2237; x_wconf 88' lang='lat' dir='ltr'>curn</span> <span class='ocrx_word' id='word_1_108' title='bbox 964 2159 1060 2227; x_wconf 91' lang='lat' dir='ltr'>multi</span> <span class='ocrx_word' id='word_1_109' title='bbox 1081 2157 1224 2247; x_wconf 89' lang='lat' dir='ltr'>operarii</span> <span class='ocrx_word' id='word_1_110' title='bbox 1248 2156 1290 2225; x_wconf 92' lang='lat' dir='ltr'>ad</span> <span class='ocrx_word' id='word_1_111' title='bbox 1307 2157 1398 2245; x_wconf 90' lang='lat' dir='ltr'>cyni-</span> 
     </span>
     <span class='ocr_line' id='line_1_16' title="bbox 319 2271 1398 2363; baseline 0 -22"><span class='ocrx_word' id='word_1_112' title='bbox 319 2292 391 2341; x_wconf 87' lang='lat' dir='ltr'>oam</span> <span class='ocrx_word' id='word_1_113' title='bbox 410 2271 655 2362; x_wconf 86' lang='lat' dir='ltr'>philosophiam</span> <span class='ocrx_word' id='word_1_114' title='bbox 668 2274 932 2362; x_wconf 82' lang='lat' dir='ltr'>transfugerent:</span> <span class='ocrx_word' id='word_1_115' title='bbox 952 2275 1029 2363; x_wconf 88' lang='lat' dir='ltr'>quid</span> <span class='ocrx_word' id='word_1_116' title='bbox 1047 2275 1187 2343; x_wconf 73' lang='lat' dir='ltr'>mirum?</span> <span class='ocrx_word' id='word_1_117' title='bbox 1208 2274 1293 2342; x_wconf 78' lang='lat' dir='ltr'>alias</span> <span class='ocrx_word' id='word_1_118' title='bbox 1310 2282 1398 2343; x_wconf 87' lang='lat' dir='ltr'>artes</span> 
     </span>
     <span class='ocr_line' id='line_1_17' title="bbox 318 2384 1401 2461; baseline 0.005 -7"><span class='ocrx_word' id='word_1_119' title='bbox 318 2388 369 2457; x_wconf 90' lang='lat' dir='ltr'>vel</span> <span class='ocrx_word' id='word_1_120' title='bbox 383 2387 557 2458; x_wconf 88' lang='lat' dir='ltr'>vilissimas</span> <span class='ocrx_word' id='word_1_121' title='bbox 569 2384 696 2457; x_wconf 82' lang='lat' dir='ltr'>discere</span> <span class='ocrx_word' id='word_1_122' title='bbox 707 2399 739 2457; x_wconf 91' lang='lat' dir='ltr'>et</span> <span class='ocrx_word' id='word_1_123' title='bbox 753 2408 905 2459; x_wconf 83' lang='lat' dir='ltr'>exercere</span> <span class='ocrx_word' id='word_1_124' title='bbox 919 2391 1111 2459; x_wconf 88' lang='lat' dir='ltr'>nonnullius</span> <span class='ocrx_word' id='word_1_125' title='bbox 1127 2399 1197 2460; x_wconf 93' lang='lat' dir='ltr'>erat</span> <span class='ocrx_word' id='word_1_126' title='bbox 1213 2411 1299 2460; x_wconf 89' lang='lat' dir='ltr'>curae</span> <span class='ocrx_word' id='word_1_127' title='bbox 1311 2391 1401 2461; x_wconf 89' lang='lat' dir='ltr'>etla-</span> 
     </span>
     <span class='ocr_line' id='line_1_18' title="bbox 318 2504 1401 2595; baseline 0.002 -23"><span class='ocrx_word' id='word_1_128' title='bbox 318 2504 605 2593; x_wconf 62' lang='lat' dir='ltr'>laoris&#39;roynicum</span> <span class='ocrx_word' id='word_1_129' title='bbox 623 2513 732 2573; x_wconf 91' lang='lat' dir='ltr'>autern</span> <span class='ocrx_word' id='word_1_130' title='bbox 752 2504 823 2590; x_wconf 81' lang='lat' dir='ltr'>fieri</span> <span class='ocrx_word' id='word_1_131' title='bbox 839 2514 872 2574; x_wconf 91' lang='lat' dir='ltr'>et</span> <span class='ocrx_word' id='word_1_132' title='bbox 892 2525 980 2588; x_wconf 89' lang='lat' dir='ltr'>esse,</span> <span class='ocrx_word' id='word_1_133' title='bbox 1000 2506 1286 2595; x_wconf 84' lang='lat' dir='ltr'>expeditissimum</span> <span class='ocrx_word' id='word_1_134' title='bbox 1303 2513 1336 2574; x_wconf 92' lang='lat' dir='ltr'>et</span> <span class='ocrx_word' id='word_1_135' title='bbox 1351 2506 1365 2573; x_wconf 89' lang='lat' dir='ltr'>l</span> <span class='ocrx_word' id='word_1_136' title='bbox 1383 2544 1401 2556; x_wconf 96' lang='lat'>-</span> 
     </span>
     <span class='ocr_line' id='line_1_19' title="bbox 320 2619 1399 2710; baseline 0 -22"><span class='ocrx_word' id='word_1_137' title='bbox 320 2619 489 2689; x_wconf 89' lang='lat' dir='ltr'>eillimum.</span> <span class='ocrx_word' id='word_1_138' title='bbox 505 2620 591 2703; x_wconf 80' lang='lat' dir='ltr'>Quid</span> <span class='ocrx_word' id='word_1_139' title='bbox 604 2622 693 2690; x_wconf 92' lang='lat' dir='ltr'>enim</span> <span class='ocrx_word' id='word_1_140' title='bbox 708 2621 818 2689; x_wconf 91' lang='lat' dir='ltr'>minus</span> <span class='ocrx_word' id='word_1_141' title='bbox 833 2620 973 2688; x_wconf 89' lang='lat' dir='ltr'>ardumn</span> <span class='ocrx_word' id='word_1_142' title='bbox 988 2641 1086 2710; x_wconf 82' lang='lat' dir='ltr'>quam</span> <span class='ocrx_word' id='word_1_143' title='bbox 1098 2621 1268 2709; x_wconf 89' lang='lat' dir='ltr'>palliolum</span> <span class='ocrx_word' id='word_1_144' title='bbox 1284 2620 1399 2689; x_wconf 89' lang='lat' dir='ltr'>tritum</span> 
     </span>
     <span class='ocr_line' id='line_1_20' title="bbox 321 2734 1401 2826; baseline 0.001 -25"><span class='ocrx_word' id='word_1_145' title='bbox 321 2734 469 2816; x_wconf 91' lang='lat' dir='ltr'>induere,</span> <span class='ocrx_word' id='word_1_146' title='bbox 485 2736 620 2805; x_wconf 82' lang='lat' dir='ltr'>horbam</span> <span class='ocrx_word' id='word_1_147' title='bbox 634 2755 781 2826; x_wconf 87' lang='lat' dir='ltr'>pascere,</span> <span class='ocrx_word' id='word_1_148' title='bbox 801 2755 913 2824; x_wconf 89' lang='lat' dir='ltr'>peram</span> <span class='ocrx_word' id='word_1_149' title='bbox 924 2735 1023 2804; x_wconf 89' lang='lat' dir='ltr'>dorso</span> <span class='ocrx_word' id='word_1_150' title='bbox 1038 2735 1252 2823; x_wconf 87' lang='lat' dir='ltr'>suspendere,</span> <span class='ocrx_word' id='word_1_151' title='bbox 1269 2754 1401 2824; x_wconf 91' lang='lat' dir='ltr'>semper</span> 
     </span>
     <span class='ocr_line' id='line_1_21' title="bbox 322 2850 1397 2939; baseline 0.001 -21"><span class='ocrx_word' id='word_1_152' title='bbox 322 2852 352 2918; x_wconf 89' lang='lat' dir='ltr'>in</span> <span class='ocrx_word' id='word_1_153' title='bbox 371 2872 471 2920; x_wconf 76' lang='lat' dir='ltr'>laianu</span> <span class='ocrx_word' id='word_1_154' title='bbox 485 2852 660 2934; x_wconf 84' lang='lat' dir='ltr'>barulum,</span> <span class='ocrx_word' id='word_1_155' title='bbox 695 2854 726 2919; x_wconf 95' lang='lat' dir='ltr'>in</span> <span class='ocrx_word' id='word_1_156' title='bbox 752 2872 808 2921; x_wconf 92' lang='lat' dir='ltr'>ore</span> <span class='ocrx_word' id='word_1_157' title='bbox 836 2851 1053 2920; x_wconf 84' lang='lat' dir='ltr'>contumelias</span> <span class='ocrx_word' id='word_1_158' title='bbox 1073 2860 1241 2939; x_wconf 84' lang='lat' dir='ltr'>promptas</span> <span class='ocrx_word' id='word_1_159' title='bbox 1257 2850 1397 2931; x_wconf 84' lang='lat' dir='ltr'>hahere,</span> 
     </span>
     <span class='ocr_line' id='line_1_22' title="bbox 321 2967 1400 3057; baseline -0.001 -22"><span class='ocrx_word' id='word_1_160' title='bbox 321 2968 461 3035; x_wconf 80' lang='lat' dir='ltr'>clamare</span> <span class='ocrx_word' id='word_1_161' title='bbox 477 2989 536 3037; x_wconf 87' lang='lat' dir='ltr'>seu</span> <span class='ocrx_word' id='word_1_162' title='bbox 553 2971 665 3057; x_wconf 92' lang='lat' dir='ltr'>potius</span> <span class='ocrx_word' id='word_1_163' title='bbox 679 2970 811 3048; x_wconf 85' lang='lat' dir='ltr'>rudere,</span> <span class='ocrx_word' id='word_1_164' title='bbox 832 2968 950 3036; x_wconf 88' lang='lat' dir='ltr'>latrare</span> <span class='ocrx_word' id='word_1_165' title='bbox 970 2967 1192 3056; x_wconf 74' lang='lat' dir='ltr'>ciriinihusque</span> <span class='ocrx_word' id='word_1_166' title='bbox 1206 2967 1400 3036; x_wconf 74' lang='lat' dir='ltr'>conviciari?</span> 
     </span>
     <span class='ocr_line' id='line_1_23' title="bbox 320 3081 1401 3171; baseline 0.002 -25"><span class='ocrx_word' id='word_1_167' title='bbox 320 3081 412 3147; x_wconf 74' lang='lat' dir='ltr'>,lulla</span> <span class='ocrx_word' id='word_1_168' title='bbox 428 3089 537 3147; x_wconf 81' lang='lat' dir='ltr'>autem</span> <span class='ocrx_word' id='word_1_169' title='bbox 561 3101 613 3149; x_wconf 86' lang='lat' dir='ltr'>ars</span> <span class='ocrx_word' id='word_1_170' title='bbox 640 3092 696 3148; x_wconf 88' lang='lat' dir='ltr'>aut</span> <span class='ocrx_word' id='word_1_171' title='bbox 724 3083 845 3149; x_wconf 89' lang='lat' dir='ltr'>tutior:</span> <span class='ocrx_word' id='word_1_172' title='bbox 864 3101 979 3150; x_wconf 75' lang='lat' dir='ltr'>eilanes</span> <span class='ocrx_word' id='word_1_173' title='bbox 1005 3083 1080 3149; x_wconf 88' lang='lat' dir='ltr'>licet</span> <span class='ocrx_word' id='word_1_174' title='bbox 1112 3082 1297 3151; x_wconf 89' lang='lat' dir='ltr'>maledictis</span> <span class='ocrx_word' id='word_1_175' title='bbox 1323 3102 1401 3171; x_wconf 89' lang='lat' dir='ltr'>pro-</span> 
     </span>
     <span class='ocr_line' id='line_1_24' title="bbox 320 3174 1402 3280; baseline 0.006 -21"><span class='ocrx_word' id='word_1_176' title='bbox 320 3193 455 3279; x_wconf 75' lang='lat' dir='ltr'>latisque</span> <span class='ocrx_word' id='word_1_177' title='bbox 469 3194 783 3280; x_wconf 79' lang='lat' dir='ltr'>laceraretdynicus,</span> <span class='ocrx_word' id='word_1_178' title='bbox 805 3215 902 3262; x_wconf 76' lang='lat' dir='ltr'>aterno</span> <span class='ocrx_word' id='word_1_179' title='bbox 918 3198 1146 3278; x_wconf 78' lang='lat' dir='ltr'>succensebat,</span> <span class='ocrx_word' id='word_1_180' title='bbox 1165 3216 1262 3266; x_wconf 82' lang='lat' dir='ltr'>nenio</span> <span class='ocrx_word' id='word_1_181' title='bbox 1279 3174 1402 3265; x_wconf 77' lang='lat' dir='ltr'>irasce-</span> 
     </span>
     <span class='ocr_line' id='line_1_25' title="bbox 321 3291 1398 3397; baseline 0.003 -21"><span class='ocrx_word' id='word_1_182' title='bbox 321 3309 429 3385; x_wconf 89' lang='lat' dir='ltr'>batur,</span> <span class='ocrx_word' id='word_1_183' title='bbox 452 3307 615 3375; x_wconf 84' lang='lat' dir='ltr'>infinitam</span> <span class='ocrx_word' id='word_1_184' title='bbox 630 3306 795 3375; x_wconf 87' lang='lat' dir='ltr'>licentiam</span> <span class='ocrx_word' id='word_1_185' title='bbox 812 3310 930 3397; x_wconf 77' lang='lat' dir='ltr'>u&#39;ynioo</span> <span class='ocrx_word' id='word_1_186' title='bbox 942 3310 1040 3377; x_wconf 86' lang='lat' dir='ltr'>dabat</span> <span class='ocrx_word' id='word_1_187' title='bbox 1060 3321 1234 3380; x_wconf 81' lang='lat' dir='ltr'>veneratus</span> <span class='ocrx_word' id='word_1_188' title='bbox 1248 3291 1398 3391; x_wconf 63' lang='lat' dir='ltr'>habitum</span> 
     </span>
     <span class='ocr_line' id='line_1_26' title="bbox 322 3422 1401 3504; baseline 0.003 -13"><span class='ocrx_word' id='word_1_189' title='bbox 322 3432 378 3491; x_wconf 89' lang='lat' dir='ltr'>aut</span> <span class='ocrx_word' id='word_1_190' title='bbox 391 3422 576 3492; x_wconf 90' lang='lat' dir='ltr'>honestior:</span> <span class='ocrx_word' id='word_1_191' title='bbox 591 3423 683 3491; x_wconf 92' lang='lat' dir='ltr'>illum</span> <span class='ocrx_word' id='word_1_192' title='bbox 697 3443 814 3493; x_wconf 89' lang='lat' dir='ltr'>omnes</span> <span class='ocrx_word' id='word_1_193' title='bbox 828 3423 1075 3493; x_wconf 83' lang='lat' dir='ltr'>admirabantur</span> <span class='ocrx_word' id='word_1_194' title='bbox 1087 3434 1119 3494; x_wconf 91' lang='lat' dir='ltr'>et</span> <span class='ocrx_word' id='word_1_195' title='bbox 1133 3426 1298 3504; x_wconf 88' lang='lat' dir='ltr'>colebant,</span> <span class='ocrx_word' id='word_1_196' title='bbox 1313 3426 1401 3496; x_wconf 88' lang='lat' dir='ltr'>illius</span> 
     </span>
     <span class='ocr_line' id='line_1_27' title="bbox 323 3535 1401 3625; baseline 0.003 -21"><span class='ocrx_word' id='word_1_197' title='bbox 323 3535 1218 3625; x_wconf 83' lang='lat' dir='ltr'>audiebantconsilia‚exprobrationesrelormidabant;</span> <span class='ocrx_word' id='word_1_198' title='bbox 1230 3538 1401 3607; x_wconf 86' lang='lat' dir='ltr'>autluero-</span> 
     </span>
     <span class='ocr_line' id='line_1_28' title="bbox 323 3639 1398 3740; baseline 0.003 -22"><span class='ocrx_word' id='word_1_199' title='bbox 323 3651 402 3718; x_wconf 90' lang='lat' dir='ltr'>sior:</span> <span class='ocrx_word' id='word_1_200' title='bbox 418 3639 581 3739; x_wconf 81' lang='lat' dir='ltr'>apublioa</span> <span class='ocrx_word' id='word_1_201' title='bbox 594 3650 789 3721; x_wconf 90' lang='lat' dir='ltr'>credulitate</span> <span class='ocrx_word' id='word_1_202' title='bbox 806 3652 899 3740; x_wconf 85' lang='lat' dir='ltr'>quasi</span> <span class='ocrx_word' id='word_1_203' title='bbox 913 3651 1071 3720; x_wconf 89' lang='lat' dir='ltr'>tributum</span> <span class='ocrx_word' id='word_1_204' title='bbox 1084 3651 1236 3739; x_wconf 83' lang='lat' dir='ltr'>exigebat</span> <span class='ocrx_word' id='word_1_205' title='bbox 1248 3651 1398 3740; x_wconf 65' lang='lat' dir='ltr'>Cynicus</span> 
     </span>
     <span class='ocr_line' id='line_1_29' title="bbox 324 3765 1400 3859; baseline 0 -25"><span class='ocrx_word' id='word_1_206' title='bbox 324 3774 461 3859; x_wconf 85' lang='lat' dir='ltr'>caeteros</span> <span class='ocrx_word' id='word_1_207' title='bbox 478 3765 630 3834; x_wconf 91' lang='lat' dir='ltr'>homines</span> <span class='ocrx_word' id='word_1_208' title='bbox 646 3766 740 3854; x_wconf 78' lang='lat' dir='ltr'>quasi</span> <span class='ocrx_word' id='word_1_209' title='bbox 752 3785 836 3835; x_wconf 88' lang='lat' dir='ltr'>ores</span> <span class='ocrx_word' id='word_1_210' title='bbox 849 3766 1017 3836; x_wconf 91' lang='lat' dir='ltr'>tondebat.</span> <span class='ocrx_word' id='word_1_211' title='bbox 1036 3770 1152 3855; x_wconf 88' lang='lat' dir='ltr'>ltaque</span> <span class='ocrx_word' id='word_1_212' title='bbox 1166 3784 1241 3833; x_wconf 88' lang='lat' dir='ltr'>com</span> <span class='ocrx_word' id='word_1_213' title='bbox 1254 3766 1400 3855; x_wconf 90' lang='lat' dir='ltr'>aliquan-</span> 
     </span>
     <span class='ocr_line' id='line_1_30' title="bbox 324 3879 1402 3972; baseline 0.001 -25"><span class='ocrx_word' id='word_1_214' title='bbox 324 3879 381 3948; x_wconf 91' lang='lat' dir='ltr'>diu</span> <span class='ocrx_word' id='word_1_215' title='bbox 396 3880 542 3970; x_wconf 86' lang='lat' dir='ltr'>cynicam</span> <span class='ocrx_word' id='word_1_216' title='bbox 563 3888 754 3949; x_wconf 80' lang='lat' dir='ltr'>exercuerat</span> <span class='ocrx_word' id='word_1_217' title='bbox 768 3879 1025 3972; x_wconf 89' lang='lat' dir='ltr'>philosophiam,</span> <span class='ocrx_word' id='word_1_218' title='bbox 1046 3880 1124 3949; x_wconf 87' lang='lat' dir='ltr'>satis</span> <span class='ocrx_word' id='word_1_219' title='bbox 1141 3879 1280 3948; x_wconf 89' lang='lat' dir='ltr'>multam</span> <span class='ocrx_word' id='word_1_220' title='bbox 1296 3899 1402 3970; x_wconf 84' lang='lat' dir='ltr'>pecu-</span> 
     </span>
     <span class='ocr_line' id='line_1_31' title="bbox 323 3978 1401 4085; baseline 0.003 -25"><span class='ocrx_word' id='word_1_221' title='bbox 323 3993 422 4074; x_wconf 85' lang='lat' dir='ltr'>niam,</span> <span class='ocrx_word' id='word_1_222' title='bbox 442 3996 520 4063; x_wconf 87' lang='lat' dir='ltr'>satis</span> <span class='ocrx_word' id='word_1_223' title='bbox 541 4014 675 4084; x_wconf 85' lang='lat' dir='ltr'>magnas</span> <span class='ocrx_word' id='word_1_224' title='bbox 693 4015 774 4085; x_wconf 91' lang='lat' dir='ltr'>opes</span> <span class='ocrx_word' id='word_1_225' title='bbox 796 3996 990 4085; x_wconf 89' lang='lat' dir='ltr'>collegerat,</span> <span class='ocrx_word' id='word_1_226' title='bbox 1007 4005 1077 4064; x_wconf 88' lang='lat' dir='ltr'>turn</span> <span class='ocrx_word' id='word_1_227' title='bbox 1097 3978 1174 4065; x_wconf 87' lang='lat' dir='ltr'>vero</span> <span class='ocrx_word' id='word_1_228' title='bbox 1189 3994 1270 4064; x_wconf 90' lang='lat' dir='ltr'>illud</span> <span class='ocrx_word' id='word_1_229' title='bbox 1288 3994 1401 4066; x_wconf 84' lang='lat' dir='ltr'>inlelix</span> 
     </span>
    </p>
   </div>
   <div class='ocr_carea' id='block_1_3' title="bbox 360 4244 509 4310">
    <p class='ocr_par' dir='ltr' id='par_1_3' title="bbox 360 4244 509 4310">
     <span class='ocr_line' id='line_1_32' title="bbox 360 4244 509 4310; baseline 0.013 -17"><span class='ocrx_word' id='word_1_230' title='bbox 360 4244 393 4309; x_wconf 77' lang='lat' dir='ltr'>(ll</span> <span class='ocrx_word' id='word_1_231' title='bbox 411 4246 509 4310; x_wconf 87' lang='lat' dir='ltr'>Lapith.</span> 
     </span>
    </p>
   </div>
   <div class='ocr_carea' id='block_1_4' title="bbox 0 0 1730 5167">
    <p class='ocr_par' dir='ltr' id='par_1_4' title="bbox 0 0 1730 5167">
     <span class='ocr_line' id='line_1_33' title="bbox 0 0 1730 5167; baseline 0 0"><span class='ocrx_word' id='word_1_232' title='bbox 0 0 1730 5167; x_wconf 95' lang='lat' dir='ltr'> </span> 
     </span>
    </p>
   </div>
  </div>
 </body>
</html>
