3425 5167
789 548 947 607 ..pp-

261 752 263 756 ,
337 683 403 747 lsta
420 678 549 747 ratione
565 665 777 767 insipientes,
796 685 854 746 aut
871 677 981 758 siris,
1004 679 1095 749 stulti
1113 671 1314 767 (Stoicorum
1331 702 1412 771 pace

337 792 489 883 dixerim)
515 792 722 882 sapientibus
742 799 775 860 et
802 790 908 861 doctis
937 792 1033 883 longe
1061 804 1267 884 praestarent.
1299 801 1414 867 Restat

337 908 418 978 illud
437 907 713 979 considerandum
738 916 902 997 quatenus
926 920 1041 1000 peccet
1064 913 1241 995 Lucienus,
1265 918 1412 1005 quicum

338 1040 454 1108 mores
461 1019 684 1109 uirtutemque
701 1015 868 1089 mordicus
882 1028 1004 1099 teneat,
1021 1038 1060 1089 ea
1074 1021 1163 1110 parri
1178 1021 1275 1091 faciat
1287 1021 1413 1091 initiae

283 1125 285 1128 ’
338 1136 460 1229 quibus
489 1136 600 1206 omnia
623 1135 709 1204 bene
730 1134 860 1205 vivendi
890 1145 1056 1225 praecepte
1070 1137 1251 1226 repetenda
1270 1145 1362 1219 sunt,
1381 1145 1414 1207 et

338 1253 585 1345 quodammodo
607 1251 762 1322 arborem
781 1260 905 1322 evertat
925 1253 1018 1342 cujus
1042 1251 1094 1322 vel
1121 1253 1261 1321 manime
1287 1251 1412 1322 tructus

338 1388 468 1438 serrare
484 1367 606 1457 cupiat.
633 1368 666 1436 si
687 1387 801 1458 presse
821 1376 855 1436 et
875 1358 1041 1437 subtiliter
1065 1388 1139 1437 cum
1165 1368 1221 1437 illo
1238 1388 1334 1458 agere
1353 1389 1413 1439 vo-

338 1481 453 1562 lueris,
485 1482 578 1551 nullo
610 1464 710 1551 modo
742 1483 964 1563 excusandum
994 1483 1045 1551 sin
1078 1490 1204 1565 auteur,
1236 1490 1274 1551 ut
1301 1484 1409 1567 aiunt,

338 1597 452 1665 crassa
476 1604 509 1665 et
533 1596 647 1686 pingui
670 1595 827 1675 llinerva,
860 1586 927 1667 non
959 1598 1041 1667 adeo
1071 1600 1210 1687 graviter
1236 1600 1414 1689 reprehen-

338 1711 474 1783 dendus
494 1712 554 1782 tibi
573 1712 749 1783 videbitur.
771 1713 902 1783 Etenim
921 1713 1018 1803 longe
1039 1723 1090 1782 est
1110 1714 1172 1781 alia
1187 1713 1315 1783 vivendi
1337 1716 1414 1784 artis

338 1828 419 1895 ratio
442 1835 543 1917 atque
568 1828 706 1897 aliarum
730 1828 848 1896 artium
869 1849 942 1918 quae
968 1827 1188 1897 reconditiora
1219 1828 1359 1897 scientia
1383 1838 1415 1898 et

337 1942 599 2012 abstrusioribus
608 1941 963 2013 studiiscontinentur.
980 1941 1150 2030 Astrologo
1167 1941 1208 2011 de
1225 1942 1413 2034 astrologia,
1478 2027 1485 2034 .

339 2060 572 2130 mathematico
588 2061 629 2129 de
645 2059 884 2129 mathematicis
905 2056 1028 2147 aliquid
1043 2055 1218 2126 affirmanti
1234 2057 1329 2127 facile
1346 2078 1416 2130 cre·

339 2174 432 2253 dum,
464 2174 594 2243 etiamsi
615 2175 706 2243 solus
722 2193 816 2242 suam
839 2171 997 2242 defendat
1019 2159 1219 2241 sententiam
1243 2180 1276 2240 et
1299 2192 1415 2243 omnes

339 2288 481 2376 imperiti
492 2289 670 2357 accerrime
683 2298 885 2376 repugnent:
902 2287 942 2357 de
955 2286 1222 2355 moribusautem
1235 2305 1276 2355 ne
1287 2288 1415 2358 Platoni

340 2404 473 2492 quidem
491 2423 623 2493 semper
642 2404 814 2484 assentiar,
831 2405 943 2473 curn'a
959 2404 1054 2491 vulgo
1072 2401 1284 2491 discrepabit.
1302 2408 1415 2493 Neque

339 2520 410 2588 baec
424 2519 469 2589 ita
489 2518 562 2589 dico
580 2527 616 2587 ut
634 2538 806 2609 nunquam
827 2518 926 2587 etiam
944 2517 986 2587 de
1001 2518 1150 2587 moribus
1165 2538 1251 2609 uuus
1266 2537 1343 2587 vera
1364 2519 1416 2587 di-

339 2654 412 2704 cere
438 2642 471 2703 et
491 2626 600 2705 caeteri
620 2654 730 2704 errare
744 2633 884 2724 possint.
906 2634 990 2704 lllud
1013 2643 1140 2703 tantum
1165 2636 1331 2705 contendo
1352 2636 1416 2707 hoo

339 2753 444 2820 rarius
466 2751 597 2821 evenire
620 2752 696 2841 (quo
716 2751 851 2842 quidem
877 2754 1021 2842 optatius
1043 2752 1122 2820 nibil
1144 2753 1213 2821 fieri
1237 2754 1357 2842 potest)
1384 2762 1416 2821 et

338 2869 612 2958 proindelacilius
624 2889 701 2939 eum
713 2868 861 2938 excusari
872 2887 971 2958 posse
982 2868 1037 2958 qui
1050 2868 1165 2937 nonad
1175 2873 1414 2938 accuratiorem
1435 2901 1438 2905 “

339 2983 656 3075 exquisitiorernque
692 2984 875 3052 doctrinam
906 2984 964 3052 sed
994 2983 1036 3051 ad
1066 2984 1259 3073 popularem
1293 2983 1414 3052 lamam

338 3100 492 3189 vulgique
517 3099 793 3169 consuetudinem
810 3120 871 3168 sua
887 3097 928 3168 de
941 3098 1088 3167 moribus
1105 3108 1269 3189 praecepta
1288 3103 1416 3169 accom-

227 3251 233 3261 ·
338 3212 532 3282 modererit.

824 3410 841 3487 a
866 3407 923 3472 111.

724 3590 770 3641 uu
795 3559 1023 3643 aueronr'uus

276 3802 280 3809 ¹
381 3781 525 3869 Antiqua
547 3780 727 3862 comoedia,
746 3800 849 3871 quum
871 3779 970 3850 nullis
986 3780 1115 3871 legibus
1132 3779 1336 3869 respublicas
1356 3800 1417 3850 ne·
1457 3801 1460 3804 “

315 3968 318 3974 ,
338 3896 459 3985 gligere
474 3894 660 3984 juberetur,
682 3916 748 3965 non
769 3904 901 3985 poterat
915 3897 995 3985 quin
1012 3903 1044 3965 et
1060 3894 1244 3983 saepissime
1260 3904 1293 3963 et
1312 3896 1416 3965 vehe-

338 4011 544 4081 mentissime
564 4013 713 4083 rhetoras
739 4011 987 4102 aggrederetur,
1007 4011 1131 4100 quippe
1156 4013 1213 4100 qui
1235 4009 1416 4100 plurimum

339 4128 533 4199 auctoritate
552 4129 698 4200 valerent
716 4138 749 4198 et
772 4127 936 4219 populum
957 4147 1023 4217 quo
1040 4124 1173 4206 vellent,
1196 4144 1262 4194 non
1283 4145 1416 4215 semper

339 4244 411 4313 sine
424 4263 543 4333 magno
560 4243 697 4314 civitatis
710 4243 921 4320 detrimento,
935 4244 966 4309 vi
981 4240 1179 4330 eloquentiae
1191 4239 1412 4329 impellerent.
