3425 5167
777 590 938 649 ..20-

295 765 298 770 ·
314 728 491 815 solumque
506 724 563 814 qui
579 731 703 791 verast
722 719 842 789 viderit
858 728 891 789 et
907 718 1075 788 tradiderit
1096 718 1344 809 discipulosque
1358 719 1391 786 in

315 840 500 910 libertatem
520 836 754 907 vindicaverit?

344 954 496 1044 Cynicos
513 973 601 1035 vero,
617 959 653 1020 ut
663 950 785 1040 saepius
802 970 902 1041 qnam
916 948 1107 1040 Epicureos,
1125 949 1171 1017 ita
1182 948 1292 1018 minus
1305 969 1392 1038 saepe

315 1092 414 1161 quam
434 1071 518 1140 alios
533 1070 714 1139 insectatur
730 1091 737 1136 :
755 1068 819 1138 hoc
835 1066 979 1157 primum
1003 1088 1010 1133 :
1027 1065 1148 1135 deinde
1165 1085 1232 1134 non
1248 1085 1345 1135 veros
1361 1075 1393 1135 et

276 1180 278 1182 ’
315 1186 470 1275 antiquos
490 1183 681 1272 aggreditur
709 1181 861 1282 CynicoS,
886 1180 945 1251 scd
970 1188 1119 1251 recentes
1143 1188 1175 1248 et
1195 1179 1315 1259 falsos,
1335 1181 1393 1270 qui

303 1299 452 1390 ,quidem
464 1299 543 1368 satis
559 1317 726 1389 superque
742 1298 928 1399 copiosam,
944 1305 981 1366 ut
996 1296 1293 1379 inlravidehimus,
1313 1296 1395 1364 risui

315 1423 349 1484 et
365 1413 583 1503 indignationi
598 1414 769 1483 materiam
788 1413 993 1503 praebebant.
1011 1413 1244 1482 astuciarum
1266 1413 1395 1501 Cynicis

314 1530 449 1611 lavisse,
470 1530 521 1598 rel
543 1549 582 1598 en
607 1528 671 1598 hoe
697 1547 765 1597 uno
788 1528 968 1598 clarissime
991 1536 1129 1619 apparet
1147 1527 1237 1617 quod
1263 1546 1397 1617 semper

315 1644 433 1733 Cynico
455 1644 585 1713 cuidam
608 1643 876 1734 praeclarissimas
896 1652 1007 1732 partes
1029 1645 1061 1711 iu
1081 1642 1220 1731 dialogis
1238 1643 1394 1731 assignat.

317 1758 397 1840 Quis
422 1758 511 1827 enim
537 1757 671 1838 divites,
695 1757 827 1838 molles,
850 1756 1028 1839 lormosos,
1053 1767 1225 1847 tyrannos,
1246 1757 1398 1847 philoso-

315 1869 401 1959 phos
415 1866 562 1938 deridet?
577 1870 766 1957 Menippus,
785 1867 964 1956 Diogenes
984 1875 1016 1936 et
1029 1866 1255 1950 Antisthenes,
1278 1887 1396 1936 omnes

316 1978 438 2068 Cynici.
461 1978 540 2060 Quis
564 1978 731 2048 inducitur
754 1980 841 2048 etin
864 1979 928 2046 vita
949 1986 982 2047 et
1007 1986 1245 2067 postmortem
1267 1978 1397 2047 beatis-

317 2094 442 2163 simus‘l
458 2098 557 2163 Sutor
571 2094 729 2183 Micyllus
752 2095 808 2185 qui
829 2115 863 2164 re
883 2095 1032 2185 quamvis
1047 2114 1114 2163 non
1131 2093 1241 2183 specie
1258 2094 1396 2182 Cynicus

318 2219 370 2279 cst
386 2210 690 2298 etperfectissimus
706 2211 852 2299 quidem,
871 2210 994 2300 quippe
1009 2209 1066 2299 qui
1082 2229 1148 2278 non
1165 2208 1236 2296 ipse
1249 2207 1283 2277 id
1299 2208 1399 2277 sciret

319 2334 352 2394 et
372 2325 568 2414 Cynicorum
585 2325 829 2414 simplicitatem
850 2324 1137 2413 frugalitatemque
1163 2322 1326 2401 imitatuS,
1349 2322 1399 2389 iu-

318 2440 494 2508 solentiam
510 2447 544 2508 et
555 2437 750 2529 jactantiam
771 2437 970 2527 repudiaret.
993 2438 1072 2519 Quis
1091 2438 1124 2504 in
1143 2437 1227 2505 coelo
1246 2435 1398 2505 eamdem

318 2573 418 2643 quam
442 2554 475 2622 in
496 2552 608 2623 inieris
630 2552 819 2642 Menippus,
842 2553 995 2621 interris
1018 2552 1199 2640 Diogenes,
1223 2569 1399 2641 personam

319 2666 407 2754 agit?
426 2671 556 2735 Momus
577 2663 704 2735 scilicet
721 2687 728 2733 :
749 2664 777 2733 is
793 2665 964 2735 autemita
979 2673 1050 2735 tum
1066 2672 1193 2735 ceteros
1208 2669 1312 2745 Deos,
1328 2672 1400 2732 tum

319 2788 435 2854 Jovem
460 2783 602 2873 exagitat
622 2791 659 2852 ut
685 2782 747 2852 sub
771 2783 842 2872 ejus
868 2781 1036 2853 divinitate
1059 2782 1214 2871 Cynicum
1235 2781 1275 2867 (tl
1298 2779 1399 2848 latere

288 2944 290 2946 .
319 2899 413 2969 laeile
441 2918 612 2988 agnoscas.
646 2903 772 2988 Atque,
802 2917 844 2967 ne
869 2898 952 2967 sorte
980 2896 1147 2967 existimes
1166 2892 1399 2962 Lucianumin

321 2994 451 3102 Cynicis
465 3014 570 3082 solam
587 3011 719 3082 dicendi
733 3012 929 3103 ridendique
945 3012 1132 3082 libertatem
1148 3018 1275 3079 tantum
1295 3009 1402 3077 admi-

322 3129 400 3210 rari,
424 3136 531 3205 totum
544 3126 695 3196 libellum
706 3128 895 3216 composuit
909 3128 944 3195 in
961 3146 1027 3217 quo
1043 3126 1238 3216 Cynicorum
1251 3124 1401 3193 habitum

318 3240 510 3328 rictumque
528 3238 641 3307 laudat
653 3228 750 3328 'quod
771 3238 939 3308 nobilibus
965 3239 1127 3327 exemplis
1148 3237 1398 3327 comprobetur,

321 3352 475 3424 homines
509 3352 606 3424 faciat
631 3351 791 3423 adversus
818 3362 1006 3444 temporum
1039 3354 1232 3423 varietatem
1264 3360 1297 3422 et
1317 3353 1403 3421 aeris

322 3470 568 3539 inclementiam
585 3469 781 3539 fortissimos
804 3478 838 3538 et
863 3470 896 3538 in
922 3469 1066 3541 divinam
1091 3467 1332 3559 providentiam
1354 3469 1368 3537 l
1387 3510 1403 3520 -

324 3584 465 3653 cillimos
491 3583 764 3674 gratissimosque
793 3584 910 3654 reddat
940 3584 981 3654 ab
1012 3583 1236 3673 omnibusque
1263 3582 1402 3652 luxuriae

324 3697 419 3765 malis
442 3696 598 3767 vindicet.
627 3695 712 3778 Quid
737 3696 861 3765 multat
887 3716 982 3766 snam
1009 3697 1115 3785 ipsius
1142 3695 1318 3783 imaginem
1340 3694 1403 3763 snb

325 3810 459 3880 nomine
476 3818 509 3879 et
528 3828 671 3899 persona
688 3810 914 3879 Demonactc's
933 3810 1064 3879 ridetur
1080 3807 1282 3899 expressisse
1301 3831 1308 3876 :
1328 3808 1404 3878 ride

326 3923 414 3993 enim
433 3906 564 4014 quot'et
579 3930 702 4013 quanta
717 3922 861 3992 habeant
872 3924 1076 3994 eommunia.
1100 3923 1203 3992 Ambo
1224 3921 1342 3991 eadem
1360 3922 1402 3992 de

328 4038 513 4108 animorum
529 4038 775 4107 immortalitate
796 4046 829 4105 et
845 4037 957 4106 inseris
972 4037 1120 4106 sentiunt
1134 4036 1192 4125 (2),
1210 4036 1308 4105 ambo
1328 4040 1405 4107 vitae

361 4210 394 4275 (l)
409 4209 467 4260 viu.
484 4209 680 4273 Icaromenipp„
697 4209 737 4257 31.

359 4302 395 4369 (2)
408 4302 554 4351 Demonact.
570 4302 631 4360 vila,
647 4302 688 4349 32.
