3425 5167
771 540 933 649 ..ης

315 717 405 800 dum,
421 718 617 800 ornandum,
632 716 839 802 tollendum
852 718 1057 809 lepidissime
1071 720 1222 810 quidem3
1242 696 1391 813 sedquid
1496 760 1503 766 ·

315 833 452 918 postea?
469 832 606 900 Juvenis
633 832 686 901 ille
712 831 813 901 iratus
833 831 943 922 ipsum
971 832 1163 903 Ciceronem
1190 832 1230 902 ab
1251 835 1393 903 Antonio
1434 874 1438 881 ι

309 936 393 1014 'rolla
422 966 540 1035 passus
576 954 637 1016 est.
670 950 756 1016 Item
788 946 950 1015 Lucienus
979 946 1102 1035 aliquid
1136 946 1395 1018 urbanissimum

214 1043 217 1046 ’
315 1061 479 1133 sefacere
507 1071 629 1154 putans
659 1061 841 1152 (latendum
868 1071 917 1132 est
941 1061 1109 1131 interdum
1133 1082 1250 1151 parum
1277 1083 1401 1159 sapere(

315 1176 507 1265 ingeniosos
528 1175 700 1263 homines)
722 1173 805 1244 lalsi
831 1175 1003 1264 prophetae
1033 1175 1206 1246 Alexandri
1241 1197 1391 1260 manum,

315 1290 394 1376 dum
420 1312 456 1361 se
483 1292 625 1362 osculari
652 1292 796 1372 simulat,
816 1292 912 1362 valde
942 1290 1046 1381 probo
1079 1311 1193 1361 morsu
1218 1293 1397 1363 momordit

318 1416 448 1497 (δήγματι
475 1416 609 1504 χρηστῷ).
628 1408 669 1495 (l)
704 1407 900 1477 Rectissime
915 1407 1076 1477 hactenus
1096 1430 1103 1476 :
1126 1408 1186 1478 sed
1200 1409 1325 1499 probus
1342 1409 1397 1500 ille

318 1512 645 1592 morsnsei'maximi
664 1522 885 1604 constitisset,
902 1521 965 1590 nisi
986 1524 1019 1590 in
1037 1522 1199 1611 optimum
1219 1503 1396 1613 quemdam

268 1664 272 1670 ·
317 1638 510 1707 nauclerum
524 1636 706 1721 incidisset,
721 1638 776 1727 qui
788 1636 962 1707 Alexandri
976 1636 1123 1707 crudelia
1136 1635 1291 1709 mandata
1306 1658 1398 1711 exse·
1504 1696 1507 1701 .

316 1756 374 1844 qui
388 1755 506 1824 noluit.
525 1754 610 1836 Quid
627 1754 717 1845 qnod
734 1772 801 1823 non
817 1772 988 1842 nunquam
1003 1752 1194 1823 Ciceronem
1207 1755 1397 1825 adverbum

318 1870 523 1959 expressisse
539 1869 702 1938 Lucienus
719 1866 871 1937 videtur?
889 1890 907 1934 ιι
925 1867 993 1936 Nisi
1016 1868 1166 1958 ineptum
1190 1878 1340 1958 putarem
1364 1870 1397 1939 in

318 1983 373 2053 tali
391 1983 614 2073 disputatione
627 1982 661 2051 id
678 1982 786 2052 lacere
806 1981 1030 2072 quodquam
1053 1981 1094 2050 de
1119 1982 1305 2072 republica
1331 1982 1399 2052 dis-

318 2104 478 2188 ceptatur,
497 2086 568 2164 fieri
582 2076 750 2164 interdum
768 2095 864 2175 solet,
878 2094 1024 2185 jurarem
1038 2113 1096 2184 per
1109 2099 1227 2164 lovem
1243 2100 1399 2187 Deosque

319 2220 455 2302 penates
475 2232 529 2282 me
553 2220 586 2281 et
602 2211 718 2280 ardere
741 2210 850 2279 studio
865 2209 934 2278 veri
959 2208 1148 2300 reperiendi
1167 2217 1200 2279 et
1217 2232 1256 2281 ea
1275 2213 1399 2283 sentire

318 2349 393 2419 quae
414 2330 558 2399 dicerem
584 2350 614 2396 ν.
642 2327 694 2395 Sic
717 2326 843 2395 Tullius
869 2325 933 2416 (2);
974 2326 1051 2395 andi
1079 2347 1168 2399 nunc
1191 2328 1396 2398 Lucianum:

316 2452 361 2506 καί
375 2450 440 2526 πρὸς
453 2451 586 2521 Χαρίτων,
603 2444 690 2522 μηδείς
706 2448 859 2506 ἀπιστήσειε
878 2455 935 2510 τοῖς
952 2447 1151 2523 λεχθησομένοις
1170 2462 1176 2476 ·
1192 2446 1296 2523 ὅτιγὰρ
1316 2450 1398 2510 ἀληθή

317 2553 376 2611 ἔστι
389 2551 438 2610 κᾶν
452 2556 648 2630 ἔπωροσαίμην,
663 2557 684 2609 εί
699 2555 803 2608 ἀστεῖον
817 2551 849 2615 ήυ
865 2551 942 2629 ὅρκου
954 2554 1075 2609 ἐντιθέναι
1087 2560 1123 2627 τῷ
1139 2556 1328 2633 συγγράμματι
1340 2545 1394 2632 (ὄλ.

317 2665 444 2729 Rursus
471 2659 583 2728 Cicero
614 2656 666 2742 (de
691 2663 758 2724 nat.
786 2659 945 2736 Deorum,
971 2660 1006 2734 l,
1030 2654 1085 2743 30)
1117 2677 1124 2722 :
1162 2678 1179 2721 ιι
1206 2656 1398 2727 istomodo

319 2775 428 2847 dicere
447 2773 561 2844 licebit
578 2778 696 2842 Jovem
712 2789 845 2860 semper
860 2769 1048 2851 barbatum,
1066 2768 1250 2857 Apollinem
1267 2790 1399 2861 semper
1444 2856 1454 2864 .

318 2885 514 2965 imberbem,
527 2865 939 2962 caesiosoculosllinerrae,
953 2880 1394 2972 coeruleosesselleptuni».
1488 2918 1491 2921 ⁴

318 3000 436 3069 Conler
464 3000 645 3097 lucianum
673 2996 728 3085 (de
749 2994 871 3078 sacril,
897 2994 951 3084 ll)
980 3018 986 3063 :
1016 3008 1039 3063 ot
1060 3006 1087 3063 tr
1107 3004 1407 3085 (opopanacnotoa

315 3123 424 3189 κλειτος,
449 3118 564 3188 Φειδίας)
584 3122 630 3174 οὐκ
652 3114 772 3173 οἷδ’ὅπου
794 3114 893 3178 ἰδόντες
914 3115 1116 3172 ἀναπλάττουσι
1134 3120 1264 3191 γενειήτην
1286 3118 1330 3190 μὲν
1351 3117 1397 3171 τὸν

316 3231 378 3295 Δία,
394 3227 482 3285 παῖδα
496 3225 592 3284 δ’ἐσαεὶ
605 3221 650 3280 τήν
664 3213 815 3282 Ἀπόλλωνα
827 3227 872 3280 καί
888 3224 933 3279 τὸν
948 3213 1047 3299 Ἐρρῆν
1067 3224 1220 3291 ὑπηνήτην,
1237 3226 1280 3280 καί
1297 3230 1398 3279 Ποσει-

316 3339 387 3399 δῶνα
398 3344 577 3416 κυανοχαίτην
590 3343 635 3395 καί
648 3340 797 3416 γλαυκῶπιν
810 3342 858 3398 τήν
874 3326 991 3399 Ἀθηνᾶν.
1009 3324 1159 3415 Denique
1173 3325 1248 3395 Vide
1266 3346 1340 3415 qllae
1356 3325 1397 3395 (ίθ

317 3443 458 3532 Epicuro
476 3443 563 3513 dicat
577 3441 702 3510 Tullius
712 3431 762 3530 ll)
778 3464 785 3509 :
805 3441 950 3508 «Unum
964 3436 1087 3507 vidisse
1102 3458 1216 3509 rerum
1233 3439 1398 3509 maximis-

318 3579 383 3647 que
421 3558 587 3628 erroribus
620 3556 748 3625 animos
785 3554 960 3641 hominum
995 3554 1190 3626 liberavisse
1226 3564 1259 3626 ct
1286 3557 1398 3626 omnia

318 3672 494 3741 tradidisse
510 3691 584 3761 quae
599 3671 803 3759 pertinerent
822 3667 865 3737 ad
884 3668 971 3736 bene
987 3667 1152 3758 beateque
1167 3668 1344 3740 vivendum
1364 3693 1393 3753 »3

318 3787 433 3857 eadem
453 3786 587 3856 omnino
607 3784 794 3855 Lollianus:
820 3786 994 3873 «Ἐπικούρῳ
1007 3805 1135 3874 τιμωρῶν,
1151 3796 1228 3873 ἀνδρί
1248 3802 1281 3861 ὡς
1297 3802 1395 3863 ἀληθῶς

351 4047 387 4111 (l)
401 4046 524 4096 Alexand.
541 4038 597 4102 vitj,
612 4046 651 4093 55.
827 4098 836 4105 ,

351 4143 382 4200 (2)
396 4139 548 4197 λονιίειιιίο.,
564 4139 589 4195 1,
603 4135 648 4185 lib.
664 4137 690 4193 2,
706 4137 746 4185 30.

351 4229 384 4294 (3)
400 4229 523 4286 Quomod.
540 4230 600 4280 hist.
617 4228 757 4286 conscrib„
775 4228 813 4277 ll.

353 4319 386 4383 (4)
403 4320 437 4369 lle
452 4320 518 4379 nin,
536 4322 559 4379 1,
576 4321 599 4367 5.
