3425 5167
765 527 805 539 ..
825 497 843 557 7
867 493 905 538 ·..

296 626 438 696 libenter
455 626 654 696 contulerim
674 646 749 715 quae
770 626 850 696 olim
870 627 903 695 in
921 646 1013 695 sacra
1028 627 1287 699 Christianorum
1305 631 1375 700 aede

237 776 245 791 ·
295 744 385 812 lanta
400 741 533 811 licentia
552 741 749 831 lasciviaque
766 740 1030 810 celebrabantur.
1049 740 1150 830 Finge
1171 743 1230 841 tibi
1250 748 1374 813 llosem

295 856 452 927 cornibus
472 864 641 936 ornatum,
666 854 812 924 Balaami
832 855 961 924 asinam
980 875 1075 925 aures
1094 876 1205 945 panno
1223 858 1375 927 indutam
1418 842 1423 870 ⁵

295 980 328 1042 et
348 972 390 1041 ad
405 971 553 1041 dextram
569 970 736 1059 Evangelii
752 977 912 1050 stantem,
941 968 1129 1039 sacerdotes
1147 978 1197 1039 ter
1217 980 1374 1043 canentes

295 1085 347 1168 bi,
372 1084 460 1168 bon,
487 1093 544 1156 aut
570 1085 670 1153 etiam
700 1091 810 1153 velera
836 1085 1060 1154 calceamenta
1075 1086 1110 1152 in
1129 1085 1276 1155 turibulo
1301 1107 1375 1157 cre-

293 1208 441 1280 manteS,
465 1198 619 1277 edentes,
647 1206 818 1288 potantes,
844 1198 1001 1269 saltantes
1023 1222 1031 1268 :
1054 1198 1134 1290 quid
1156 1202 1262 1290 magis
1280 1202 1374 1274 inve-

293 1313 477 1384 recundum
507 1323 540 1383 et
561 1295 758 1403 sacrilegum
789 1321 902 1403 potest
923 1312 1121 1401 excogitari?
1142 1317 1374 1405 Imprudentes

294 1437 405 1500 tamen
429 1429 563 1499 fecisset
582 1430 637 1519 qui
656 1430 737 1498 blosi
754 1428 917 1499 solemnia
936 1448 1060 1499 cornua
1075 1430 1221 1520 eripere,
1248 1433 1374 1502 asinam

294 1544 334 1611 ad
351 1543 519 1613 stabulum
532 1544 712 1626 remittere,
728 1545 1001 1634 potorestemplo
1021 1546 1184 1634 expellere
1201 1544 1369 1618 voluisset.

295 1662 451 1731 Omnium
478 1662 592 1745 inse,
621 1662 737 1745 credo,
769 1647 883 1732 odium
909 1663 1140 1733 concitavisset
1167 1665 1262 1753 quasi
1286 1668 1372 1735 male

293 1778 460 1861 curiosuS,
492 1779 577 1848 male
605 1779 769 1868 superbus
799 1779 900 1849 bomo
931 1778 1186 1869 quipublicum
1214 1780 1371 1870 gaudium

294 1895 551 1965 calumniaretur
582 1882 615 1965 et
643 1915 678 1965 se
704 1915 807 1964 unum
837 1895 912 1983 plus
943 1905 1042 1984 quam
1069 1902 1206 1964 caeteros
1237 1914 1369 1977 omnes,

291 2011 403 2080 videre
421 2011 532 2080 vellet.
556 2016 641 2082 llum
665 2011 742 2080 ideo
763 2008 968 2079 credendum
994 2016 1046 2077 est
1071 2007 1136 2076 illis
1164 2010 1371 2098 temporibus

293 2131 437 2215 spretam
465 2124 570 2195 fuisse
597 2125 811 2215 religionem?
837 2123 986 2203 llinime;
1009 2122 1145 2212 juvabat
1170 2122 1305 2212 quidem
1329 2125 1370 2194 ad

291 2238 391 2309 breve
410 2246 444 2307 et
465 2240 618 2329 exiguum
643 2247 776 2328 tempus
799 2237 900 2327 genio
926 2236 1096 2327 indulgere
1121 2237 1314 2328 festivisque
1338 2246 1371 2307 et

289 2354 413 2443 jocosis
432 2354 631 2443 spectaculis
647 2355 777 2422 animos
794 2371 957 2431 recreare,
983 2351 1041 2421 sed
1063 2352 1264 2442 quicumque
1282 2353 1368 2422 serio

291 2486 401 2557 neque
428 2487 488 2557 per
511 2468 625 2557 jocum
647 2468 697 2537 rel
729 2466 867 2535 minime
895 2466 1114 2537 Christianam
1137 2466 1237 2537 fidem
1269 2485 1369 2535 cona-

290 2581 386 2651 batur
400 2582 614 2663 labefactare,
633 2583 662 2651 is
674 2582 825 2672 protinus
839 2579 1082 2661 lacessebatur,
1101 2600 1178 2650 suas
1192 2580 1368 2670 opiniones

290 2703 466 2765 retractare
480 2696 676 2784 jubebatur,
697 2696 817 2765 librum
832 2695 860 2765 si
882 2713 982 2784 quem
997 2693 1207 2777 condiderat,
1229 2693 1369 2763 combu-

274 2828 377 2888 rere,
408 2807 486 2877 felix
512 2810 539 2878 si
566 2812 638 2898 ipse
662 2830 736 2879 cum
764 2809 847 2879 libro
874 2809 1042 2897 inignem
1067 2828 1133 2878 uon
1162 2808 1365 2899 injiceretur.

290 2924 397 2993 'lestis
421 2925 655 3014 berengerius,
686 2924 779 2994 testis
805 2924 918 2993 infelix
939 2924 1086 2993 boletus.
1115 2927 1189 2992 lam
1209 2943 1287 2993 vero
1311 2943 1368 3013 po·
1461 2955 1467 2962 ·

288 3038 388 3127 pulus
404 3060 511 3129 nuper
534 3048 599 3108 tam
619 3038 854 3110 irrevocandus
875 3058 951 3128 erga
971 3036 1164 3129 religionem
1184 3047 1217 3107 et
1238 3044 1362 3121 Deum,

287 3152 457 3241 religionis
472 3161 505 3221 et
519 3154 578 3222 Dei
593 3152 723 3234 hostes,
745 3153 919 3223 baereticos
936 3153 1062 3223 scilicet
1078 3152 1271 3243 inexpiabili
1286 3152 1365 3223 odio

287 3268 568 3357 persequebatur,
601 3268 784 3338 incredibili
815 3267 926 3337 furore
956 3266 1195 3356 impugnabat,
1228 3266 1364 3334 immani

288 3380 482 3452 crudelitate
502 3383 731 3453 interficiebat.
753 3376 852 3451 Haud
869 3382 967 3470 longe
984 3380 1078 3449 aliter
1100 3379 1235 3449 Athenis
1255 3400 1291 3450 se
1311 3400 1364 3448 res

286 3494 454 3564 habebant
477 3516 586 3587 neque
613 3496 707 3566 valde
734 3496 921 3565 mirandum
948 3495 1005 3586 qui
1035 3494 1270 3584 philosophos,
1303 3493 1365 3563 ali-

287 3610 419 3701 quando
435 3602 552 3694 etiam,
575 3614 602 3682 si
622 3614 690 3681 biis
706 3613 866 3703 placeret,
887 3620 1004 3700 poetas
1027 3610 1169 3701 tragicos
1185 3610 1364 3701 impietatis

287 3737 490 3815 accusarent,
509 3736 685 3819 propterea
706 3727 796 3818 quod
816 3729 866 3797 vel
883 3726 1140 3796 modestissimis
1156 3734 1188 3795 et
1203 3745 1364 3795 verecun-

287 3823 432 3912 dissimis
455 3844 564 3914 uerbis
592 3843 750 3913 adversus
774 3849 861 3913 Deos
887 3842 1095 3912 disserebant
1117 3849 1174 3909 aut
1199 3842 1363 3910 disserere
1451 3830 1454 3836 ’

284 3956 491 4039 videbantur,
520 3956 655 4027 eosdem
676 3956 818 4024 maxima
839 3954 1040 4045 frequentia,
1063 3953 1205 4021 maximo
1226 3953 1360 4042 plausu,

284 4073 423 4140 summis
435 4072 619 4144 bonoribus
630 4072 810 4143 comoedias
826 4072 996 4162 excepisse
1010 4072 1042 4139 in
1057 4068 1236 4161 quibusllii
1248 4066 1362 4135 ultima

283 4188 453 4271 audirent,
475 4188 631 4259 omuibus
651 4188 824 4271 conviciis,
850 4188 1007 4257 omnibus
1026 4185 1216 4276 opprobriis
1238 4181 1362 4251 lacera-
