3425 5167
773 535 934 596 ..87-

323 668 482 737 tissimum
493 686 567 738 esse
579 669 758 739 lucianum
771 667 982 748 contendam,
994 686 1058 736 nou
1073 666 1283 759 exemplaret
1295 673 1389 762 quasi

319 796 417 850 :meta
448 779 616 850 atticismi.
639 777 836 868 profitebor,
873 798 941 847 non
968 779 1123 848 omnibus
1152 780 1326 850 satirarum
1358 791 1391 853 et

238 903 243 914 '
322 895 557 965 comoediarum
578 892 794 983 scriptoribus
813 902 1026 985 anteponam.
1044 895 1149 964 lateri
1165 896 1302 966 minime
1316 917 1392 987 gra-

318 1031 390 1093 vor,
425 1010 661 1093 eruditionem,
693 1009 877 1099 ingenium,
914 1008 1044 1079 dicendi
1076 1008 1264 1080 facultatem
1294 1012 1392 1082 nimis

318 1142 406 1214 saepe
419 1131 581 1205 ostentat,
600 1123 633 1191 in
652 1121 760 1192 verbis
778 1121 941 1191 redundat
960 1130 993 1191 et
1015 1122 1207 1213 superfluit,
1228 1125 1392 1193 verisimi-

318 1238 493 1310 litudinem
510 1246 542 1308 et
561 1238 702 1328 partium
718 1237 966 1326 congruentiam
984 1238 1129 1328 negligit.
1148 1238 1211 1308 Sed
1231 1248 1390 1330 quantum

319 1357 451 1428 obtinet
469 1357 501 1425 in
524 1355 665 1425 dicendo
694 1354 822 1444 gratiae,
844 1347 1057 1445 quantumin
1080 1355 1223 1444 jocando
1251 1354 1388 1446 leporis,

319 1473 351 1544 in
373 1473 554 1543 mordendo
572 1471 675 1546 acutii
692 1476 732 1544 Ut
751 1470 859 1539 titillat
874 1469 1108 1552 allusionibus
1126 1479 1164 1539 ut
1178 1471 1264 1542 seria
1281 1471 1388 1561 nugis,

317 1610 421 1680 nugas
440 1590 535 1659 seriis
550 1592 683 1671 miscet,
701 1597 739 1658 ut
754 1588 865 1658 ridens
881 1605 957 1656 vera
980 1586 1077 1667 dicit,
1095 1595 1132 1655 ut
1151 1607 1227 1657 vera
1249 1586 1390 1658 dicendo

317 1704 418 1784 ridet,
436 1717 473 1774 ιιι
491 1703 664 1773 hominum
684 1722 811 1781 mores,
828 1702 980 1782 allectus
999 1700 1109 1770 studia
1123 1703 1218 1792 quasi
1234 1701 1389 1792 penicillo

318 1819 466 1910 depingit
483 1839 593 1910 neque
611 1819 751 1909 legenda
776 1818 835 1889 sed
849 1818 948 1908 plane
972 1818 1152 1910 spectanda
1172 1818 1217 1908 (l)
1237 1819 1387 1909 exponit!

319 1941 489 2020 laterum,
510 1937 536 2007 si
556 1958 622 2027 qua
635 1937 763 2018 merito,
781 1956 847 2005 non
860 1954 964 2026 pauca
981 1934 1145 2004 immerito
1166 1933 1295 2025 objecta
1314 1942 1391 2002 sunt

319 2054 457 2142 Lucieno
472 2053 621 2123 crimina.
639 2052 793 2122 Nonnulli
811 2051 900 2120 enim
919 2049 1012 2119 illum
1036 2047 1285 2139 reprehendunt
1300 2049 1389 2140 quod

319 2168 497 2238 sententias
515 2168 641 2257 frangat
655 2186 765 2257 neque
783 2185 963 2236 numerosa
978 2164 1153 2234 verborum
1171 2164 1392 2255 comprehen-

318 2282 410 2354 sione
424 2283 589 2354 devinciat
599 2306 606 2351 :
618 2282 676 2352 sed
686 2291 837 2351 naturam
847 2289 880 2351 et
891 2280 1115 2371 quotidianam
1131 2283 1295 2351 sermonis
1308 2302 1388 2353 con-

318 2399 541 2481 suetudinem,
565 2400 726 2480 comicos,
744 2398 1000 2490 Lysiam-ipsun
1016 2400 1189 2490 sequitur:
1214 2402 1282 2492 qui,
1306 2410 1389 2471 teste

317 2514 1389 2608 llionysioHalicarnasseold),periodisalistinehatetreotissime

317 2631 447 2721 quidem
466 2631 544 2701 :ubi
559 2632 663 2709 enim,
678 2642 715 2701 ut
731 2632 777 2700 ait
795 2631 1017 2713 Quintilianus
1040 2632 1096 2720 (3),
1113 2653 1165 2701 ars
1186 2641 1386 2713 ostentatur,

319 2747 432 2815 ueritas
450 2746 580 2816 videtur
606 2746 736 2815 abesse.
764 2744 1025 2835 Reprehendunt
1048 2745 1140 2834 quod
1159 2746 1270 2827 verba,
1290 2756 1347 2816 aut
1369 2767 1389 2815 a

317 2860 421 2948 prisco
438 2880 539 2929 sensu
556 2858 765 2951 detorqueat,
779 2870 837 2930 aut
850 2880 934 2929 nova
948 2860 1050 2949 fingat
1068 2884 1074 2929 :
1094 2862 1154 2931 sed
1165 2862 1219 2951 jus
1239 2870 1271 2933 et
1286 2862 1387 2931 liher-

313 2979 412 3042 tatem
433 2973 568 3043 cornicis
584 2993 774 3043 concessam
794 2983 951 3064 usurpat;
975 2974 1065 3066 quod
1089 2977 1161 3067 ejus
1185 2978 1289 3047 oratio
1313 2995 1389 3045 cur-

314 3106 385 3158 rere
398 3088 510 3177 potius
527 3108 623 3178 quam
641 3088 812 3170 incedere,
829 3090 941 3159 volare
956 3088 1068 3178 potius
1083 3106 1182 3178 quam
1195 3108 1326 3158 currere
1339 3088 1389 3157 vi-

315 3202 452 3273 deatur:
469 3204 538 3286 sed,
556 3204 591 3272 ni
606 3204 710 3286 lallor,
721 3204 753 3274 id
769 3205 878 3295 ipsum
892 3205 981 3277 laudi
994 3204 1071 3275 huic
1084 3205 1278 3276 vertendum
1292 3213 1362 3275 erat
1378 3228 1385 3273 ε

315 3318 393 3409 quid
413 3319 500 3389 enirn
518 3319 647 3390 dulcius
667 3329 700 3390 et
714 3321 895 3411 jucundius
914 3340 1014 3413 quam
1033 3322 1197 3395 sermonis
1220 3320 1386 3402 celeritas,

315 3435 395 3526 qnid
410 3436 583 3506 molestius
600 3445 633 3505 el
647 3436 797 3508 odiosius
817 3459 917 3529 quarn
938 3438 1076 3509 tarditas
1092 3447 1126 3508 et
1141 3439 1325 3509 lentitudo?

357 3555 431 3619 tam
446 3570 524 3621 vero
540 3551 720 3622 atticus-ne
734 3553 794 3622 luit
806 3554 990 3622 Lucianust
1004 3553 1036 3621 Si
1051 3553 1150 3623 verba
1162 3552 1292 3643 singula
1311 3571 1390 3622 con-

315 3666 453 3750 sideres,
468 3690 577 3761 neque
597 3668 658 3739 luit
676 3688 784 3760 neque
803 3667 907 3738 voluit
924 3686 1009 3747 esse,
1026 3677 1063 3736 ut
1083 3687 1123 3736 ex
1138 3666 1243 3756 ipsius
1258 3667 1389 3758 scriptis

315 3783 394 3853 satis
409 3786 582 3858 manifesto
599 3795 705 3878 patet;
723 3787 751 3857 si
767 3794 963 3877 perpetuam
980 3786 1178 3866 orationem,
1198 3807 1265 3858 non
1288 3789 1388 3857 etiam

286 4013 290 4020 ·
347 4000 377 4058 (1)
395 3998 492 4047 Erasini
507 4006 567 4047 sunt
585 3997 662 4047 verba
675 3997 719 4061 qui
739 3997 765 4046 in
788 3995 918 4046 laudando
943 3997 1054 4047 luciano
1075 3997 1214 4047 lucianum
1239 3996 1386 4051 felicissime

314 4086 449 4137 aemulatur
463 4086 552 4153 (Epis,
564 4088 608 4139 lib.
624 4089 665 4148 29,
682 4090 726 4153 llp.
741 4087 779 4154 5).

348 4178 381 4242 (ἲ)
398 4179 432 4227 ne
444 4180 518 4243 Lysia
530 4181 621 4246 judic,
636 4184 661 4230 8.

349 4270 382 4335 (3)
399 4270 480 4321 instit.
497 4272 564 4331 Oret,
581 4272 733 4332 lx,3,1oa.
