3425 5167
813 540 971 601 -79,

354 673 447 743 locos
465 671 571 753 affert,
587 672 692 742 multu
712 672 864 762 pluribus
880 671 1194 769 comparationibus,
1213 672 1427 762 imaginibus,

352 790 527 880 longisque
547 789 829 878 descriptionibus
847 789 1004 858 abundat.
1027 794 1225 879 comparant
1242 796 1275 857 et
1289 788 1354 877 ipsi
1375 807 1431 859 cu-

352 905 441 988 mici,
462 904 521 974 sed
540 904 673 973 brevius
693 912 726 973 et
741 903 859 986 rarius;
878 904 1037 993 imagines
1048 903 1190 973 iaciunt:
1211 904 1285 994 quis
1304 904 1432 975 Aristo-

353 1019 515 1109 phaneam
530 1018 625 1088 Demi
641 1016 944 1107 effigiemignorat‘l
966 1018 1029 1089 Sed
1042 1018 1152 1088 minus
1172 1019 1300 1109 longas,
1318 1019 1432 1089 minus
1503 1023 1508 1036 '

352 1142 540 1215 accuratas;
560 1133 766 1213 describunt,
782 1133 840 1203 sed
857 1132 998 1223 quadam
1014 1132 1212 1204 necessitate
1230 1133 1346 1216 coacti3
1361 1153 1430 1204 nun

352 1249 545 1320 describunt
564 1248 605 1319 ad
623 1248 897 1329 describendum,
919 1248 960 1317 ad
979 1247 1202 1318 aemulandum
1224 1248 1426 1338 pictoribus,

352 1365 442 1455 quod
468 1384 504 1434 se
532 1364 640 1434 lacere
673 1364 837 1433 Lucienus
866 1364 939 1452 ipse
963 1362 1150 1434 confitetur.
1173 1361 1429 1453 Agnoscendum

267 1495 269 1498 ·
352 1487 479 1561 autem,
509 1486 546 1547 ut
571 1477 669 1547 nimis
696 1476 810 1546 multae
839 1477 1000 1566 imagines
1032 1486 1065 1546 et
1091 1475 1331 1567 descriptiones
1368 1475 1430 1565 (de

352 1592 654 1682 comparationibus
678 1612 780 1682 supra
806 1592 885 1662 satis
905 1591 1030 1662 dictum
1051 1610 1125 1663 esse
1150 1590 1314 1679 existimo)
1340 1590 1438 1681 apud·
1515 1667 1518 1676 ,

347 1706 524 1776 Lucianum
548 1714 735 1789 occurrunt,
752 1708 799 1775 ita
820 1707 999 1797 plurimum
1016 1705 1178 1784 veritatis,
1204 1704 1428 1795 jucunditatis

351 1822 587 1913 suavitatisque
600 1823 671 1892 illas
682 1824 815 1893 babere.
830 1826 936 1904 Quam
953 1821 1147 1893 catomum
1161 1820 1315 1912 effigiem,
1329 1842 1430 1913 quam

353 1937 553 2008 conditionis
575 1937 730 2007 Mercede
748 1937 1016 2019 conductorum,
1042 1957 1140 2027 quam
1162 1938 1258 2005 bonae
1278 1944 1311 2005 et
1334 1936 1430 2006 malae
1522 1918 1529 1926 Ν

353 2050 523 2119 rhetoricae
535 2051 699 2120 Lucienus
712 2050 923 2140 expresserit,
941 2050 1073 2131 emittm
1096 2048 1154 2119 sed
1169 2048 1244 2118 vide
1260 2049 1430 2139 quomodo

353 2163 572 2253 philosophos
593 2163 751 2254 depingat
774 2163 840 2253 (l):
864 2186 882 2231 <r
902 2170 958 2234 Est
977 2164 1149 2234 bominum
1168 2183 1284 2253 genus,
1303 2182 1370 2233 nun
1385 2164 1432 2233 ita

354 2279 411 2349 diu
424 2280 548 2359 seculo,
562 2299 689 2369 spumae
707 2278 819 2362 instar,
835 2282 999 2361 innatans,
1012 2280 1152 2371 pigrum,
1172 2282 1428 2365 contentiosum,

355 2394 462 2463 inanis
490 2394 601 2484 gluriae
629 2393 799 2483 cupidum,
826 2395 1033 2479 iracundum,
1064 2397 1228 2487 gulosum,
1257 2397 1428 2479 stolidum,

356 2510 516 2588 inflatum,
529 2510 820 2591 contumeliosum,
833 2520 870 2581 ut
886 2512 1061 2583 Homerico
1076 2512 1177 2582 verbo
1190 2521 1274 2594 utar,
1292 2510 1432 2584 telluris

349 2622 645 2712 ieutileporcdcs,
669 2626 905 2717 circumposito
939 2626 1002 2696 sibi
1034 2636 1174 2716 augusto
1202 2626 1333 2696 virtutis
1367 2647 1426 2697 no·

349 2740 448 2820 mine,
463 2740 648 2829 superciliis
661 2740 811 2825 sublatis,
828 2741 982 2811 demissis
991 2741 1115 2823 barbis,
1131 2742 1337 2812 circumeunt
1348 2740 1428 2813 ficto

356 2854 487 2935 habitu,
519 2855 732 2946 despuendos
751 2876 862 2925 mores
893 2856 1113 2935 occultantes,
1136 2854 1262 2923 similes
1289 2856 1432 2925 maxime

318 2953 323 2973 ¹
354 2970 419 3040 illis
433 2970 563 3059 tragicis
576 2970 754 3050 actoribus,
769 2991 911 3060 quorum
928 2971 955 3039 si
968 2988 1127 3058 personas
1144 2969 1273 3039 auleras
1285 2977 1318 3038 et
1330 2970 1432 3039 amic·

355 3095 424 3155 turn
439 3087 532 3155 illum
548 3106 628 3155 auro
646 3087 818 3167 intextum,
841 3085 930 3175 qnod
947 3084 1154 3173 relinquitur,
1173 3084 1350 3154 ridiculum
1366 3092 1427 3164 est,

354 3199 532 3270 homuncio
549 3209 677 3290 septem
692 3200 856 3271 drachmis
877 3200 918 3268 ad
936 3207 1102 3268 certamen
1121 3199 1202 3268 illud
1230 3197 1427 3269 conductus.

355 3319 450 3387 Tales
471 3337 548 3387 vero
566 3338 640 3387 cum
656 3302 732 3400 sint,
749 3317 902 3387 homines
917 3316 1052 3407 quidem
1066 3336 1181 3386 omnes
1198 3324 1426 3397 contemnunt,

355 3433 397 3503 de
412 3434 481 3503 Diis
504 3443 615 3503 autern
637 3432 780 3521 absurda
803 3440 948 3514 narrant,
978 3432 1217 3521 conductisque
1237 3430 1431 3500 adulescen-

352 3548 431 3617 tulis
449 3546 489 3615 ad
510 3546 742 3637 decipiendum
759 3548 968 3637 opportunis
990 3554 1023 3615 et
1040 3546 1195 3615 virtutem
1210 3545 1300 3614 illam
1315 3544 1429 3613 moltis

244 3675 249 3683 ‘
351 3663 562 3734 sermonibus
587 3664 696 3732 tritam
715 3662 836 3751 tragico
855 3662 997 3733 clamore
1015 3661 1210 3752 praedicant,
1227 3667 1261 3728 et
1277 3658 1429 3748 disputa-

352 3781 459 3851 tiones
475 3780 616 3851 edocent
630 3802 703 3872 qnae
718 3780 842 3851 exitum
861 3800 927 3851 nun
944 3780 1078 3860 babent,
1096 3787 1128 3848 et
1142 3775 1229 3867 apud
1247 3773 1429 3864 discipulus

352 3896 485 3985 quidem
502 3895 711 3966 tolerantiam
729 3917 861 3988 semper
876 3905 908 3967 et
924 3894 1115 3986 patientiam
1134 3890 1268 3961 laudant
1284 3887 1430 3957 divitias·
1536 3939 1538 3944 .

352 4032 418 4103 que
434 4023 467 4083 et
485 4014 690 4103 voluptatem
710 4014 902 4102 despuunt:
921 4010 984 4082 soli
1000 4029 1077 4081 vero
1100 4028 1222 4090 secum,
1242 4004 1323 4097 quid
1343 4002 1431 4073 dicat

342 4240 742 4370 '(1)na10m.,anlq·tr
807 4348 809 4351 Ι
