3425 5167
791 547 952 607 ..25-

329 692 413 762 quos
436 674 588 744 rhetoras
615 683 740 763 quanto
768 674 844 743 odio
868 682 1019 744 recentes
1040 675 1220 746 Luciannm
1246 696 1407 766 prosecu-

329 798 398 857 tum
412 808 502 859 esse.
516 789 601 872 Quid
616 789 704 859 enim
720 798 753 859 et
770 790 954 885 saepissime
979 800 1012 860 et
1039 791 1195 860 acerrime
1224 792 1408 881 aequalibus

327 904 523 992 exprobrat?
556 903 641 973 lllnd
672 904 797 974 scilicet
832 906 923 996 qnod
958 906 1128 997 antiquam
1160 907 1406 995 simplicitatem

328 1021 625 1110 austeritatemque
644 1030 814 1110 respuent,
835 1030 987 1091 recentes
1005 1021 1097 1091 lucos
1115 1030 1148 1090 et
1165 1021 1307 1110 ineptias
1326 1041 1407 1090 con-

328 1144 508 1217 sectentur,
528 1136 617 1226 qnod
633 1136 804 1205 Platonem
819 1145 852 1206 et
871 1136 1129 1206 Demosthenem
1144 1136 1308 1225 negligant
1324 1155 1407 1226 quo-

328 1274 398 1322 rum
414 1254 552 1343 vestigia
568 1255 663 1344 sequi
683 1254 796 1323 multae
812 1273 921 1343 opere
938 1262 970 1323 et
990 1252 1084 1321 multi
1100 1253 1223 1322 laboris
1241 1253 1293 1337 sit,
1313 1253 1406 1324 noris

327 1377 437 1438 autem
456 1352 656 1458 quibusdam
676 1368 867 1439 auctoribus
887 1369 1026 1439 ducibus
1052 1388 1092 1437 se
1114 1378 1204 1438 totos
1230 1370 1406 1452 tradant‚a

328 1479 449 1569 quibus
468 1478 559 1549 brevi
587 1487 621 1548 et
639 1479 724 1548 sacili
744 1481 796 1548 via
819 1481 860 1549 ad
887 1479 1111 1570 eloquentiam
1139 1501 1174 1550 se
1204 1482 1339 1552 ductum
1365 1482 1403 1568 iri

327 1602 472 1683 sperent.
1391 1602 1396 1612 '

807 1723 900 1821 'cn

584 1971 588 1988 ,
693 1926 738 1976 DE
764 1925 1032 1977 MERETRICIBUS.

368 2102 491 2173 Omnes
506 2104 574 2173 lere
586 2105 689 2173 tlroeci
702 2113 821 2194 poctae,
838 2113 977 2190 excepto
989 2114 1098 2174 tamen
1113 2105 1256 2174 marimo
1273 2124 1399 2187 eornm,

325 2215 480 2290 Homero,
504 2212 544 2281 de
557 2211 687 2282 leminis
703 2213 956 2293 maledixerunt,
971 2214 1071 2283 etiam
1087 2213 1210 2302 tragici,
1228 2214 1403 2303 Euripides

325 2328 477 2411 maxime,
495 2328 551 2419 qui
568 2349 808 2420 nonnunquam
822 2330 1015 2419 tragoediam
1029 2331 1137 2399 minus
1154 2351 1253 2421 quam
1269 2332 1402 2401 satiram

326 2443 483 2512 adversus
510 2444 650 2513 feminas
676 2443 819 2513 scrihere
847 2444 988 2513 videtur.
1020 2444 1104 2514 Nihil
1130 2464 1207 2534 ergo
1234 2446 1353 2512 mirum
1374 2447 1402 2513 si

325 2557 440 2633 ¹comici
467 2577 599 2648 quoque
616 2558 771 2627 omnibus
791 2558 923 2627 feminis
945 2559 1056 2629 omnia
1077 2559 1213 2628 crimina
1237 2560 1401 2629 intentant

324 2690 449 2762 eosque
476 2674 532 2762 qui
552 2673 682 2743 seminis
699 2672 833 2763 indigne
860 2674 1013 2755 serviant,
1033 2674 1132 2743 stulte
1154 2674 1297 2756 credant,
1317 2675 1402 2744 inie-

323 2788 428 2857 liciter
446 2790 697 2879 conjungantur,
725 2792 865 2878 graviter
884 2790 1147 2879 reprehendunt,
1172 2790 1287 2878 jocose
1315 2789 1401 2858 deri·
1447 2852 1450 2857 .

321 2903 420 2986 dent,
454 2905 596 2995 henigne
626 2906 838 2974 miserantur.
873 2906 1000 2973 Nullam
1029 2905 1187 2974 libentius
1224 2905 1416 2974 rneterianr'

321 3029 505 3102 retractant,
526 3005 650 3089 nullam
668 3022 952 3109 perseverantius,
975 3022 1097 3089 nullam
1119 3020 1299 3110 copiosius,
1321 3022 1399 3090 nul-

320 3134 385 3201 lam
402 3134 552 3223 asperius
569 3143 601 3202 et
618 3135 790 3223 iocosius:
814 3133 986 3224 quumque
1008 3135 1048 3203 de
1067 3135 1184 3203 ceteris
1212 3133 1311 3204 rebus
1332 3135 1400 3204 dis-

319 3258 455 3338 crepent
478 3257 545 3319 tres
566 3250 748 3332 comoedia,
777 3251 809 3317 in
831 3251 891 3319 hac
919 3271 984 3318 una
1010 3249 1077 3318 iere
1100 3250 1224 3337 optime
1247 3252 1332 3318 inter
1361 3272 1398 3319 se

320 3371 516 3451 congruunt,
545 3372 764 3454 praeterquam
787 3363 876 3453 quod
898 3364 1031 3449 antiqua
1057 3363 1213 3431 mulieres
1237 3362 1398 3453 legitimas

318 3480 541 3570 potissimum,
565 3482 674 3550 media
690 3480 880 3551 meretrices
901 3490 933 3550 et
962 3481 1119 3550 acerrime
1143 3479 1291 3569 quidem,
1316 3501 1399 3550 nova

316 3604 477 3686 utrasque
500 3597 620 3686 pariter
639 3598 782 3666 lacessit.
803 3596 889 3666 Illud
915 3606 1026 3666 autem
1047 3596 1199 3665 mirabile
1220 3596 1309 3687 quod
1333 3581 1398 3665 Luss

317 3712 445 3792 cianus,
456 3733 530 3787 cum
542 3723 608 3783 tam
621 3715 769 3784 studiose
781 3715 926 3785 comicos
938 3714 1095 3796 imitetur,
1110 3733 1226 3783 omnes
1241 3723 1274 3784 et
1288 3715 1398 3784 omnia

317 3825 475 3910 derideat,
493 3830 571 3899 solis
590 3831 722 3900 seminis
737 3830 852 3920 parcit,
872 3832 1037 3921 legitimas
1055 3830 1100 3922 (t)
1122 3833 1195 3901 dico
1213 3832 1392 3902 mulieres:

316 3942 410 4031 cujus
434 3946 480 4013 rei
510 3965 584 4035 quae
612 3946 655 4015 sit
674 3966 772 4016 causa
799 3946 909 4016 minus
931 3946 1040 4030 video,
1065 3933 1126 4015 nisi
1144 3945 1234 4036 quod
1256 3945 1395 4014 lortasse

348 4164 384 4230 (1)
400 4166 452 4214 Uno
469 4175 566 4218 lantum
580 4176 692 4232 excepta,
710 4169 841 4219 Chariclen
864 4170 960 4219 scilicet
978 4168 1102 4233 (Toxaris,
1123 4173 1208 4230 13-17)
1224 4184 1281 4233 qua]
1296 4177 1320 4219 et
1330 4170 1393 4233 ipsa,

313 4258 432 4322 quemvis
446 4260 500 4310 viro
512 4261 589 4324 justis
602 4263 699 4327 nuptiis
714 4264 858 4327 conjunctu,
874 4262 1049 4315 meretricibus
1065 4264 1230 4314 annumerari
1243 4270 1333 4328 potest.
