3425 5167
777 570 935 631 ..77-

314 697 557 769 diversissimas
577 717 630 767 res
650 696 861 787 copulaverit,
892 691 990 766 nimis
1012 695 1165 766 modeste
1186 695 1262 765 lacit
1277 718 1284 764 :
1301 696 1391 786 quod

313 821 431 911 autern
441 814 644 903 gloriaturse
656 814 800 901 primum
813 811 1011 881 comoediam
1025 810 1153 899 dialogo
1167 809 1390 902 conjunxisse,
1419 794 1421 798 ’

313 929 411 998 multi
427 928 499 997 siue
514 927 616 997 dubio
631 927 850 997 mirabuntur.
865 927 951 997 Illud
966 926 1084 996 omitto
1104 925 1194 1016 quod
1214 926 1303 1016 apud
1321 922 1394 995 Pla-

315 1050 429 1112 tonem
446 1043 559 1133 (quem
582 1052 693 1112 tamen
717 1064 757 1114 ex
773 1043 927 1114 omnibus
946 1043 1150 1132 dialogorum
1176 1042 1393 1132 scriptoribus

316 1159 530 1248 potissimum
551 1158 690 1228 innuere
714 1159 845 1229 ridetur
871 1157 1045 1246 Lucianus)
1075 1177 1141 1228 non
1167 1177 1300 1247 semper
1320 1158 1396 1226 Ilia-

316 1272 412 1362 logus
428 1273 536 1345 nubes
557 1283 589 1343 et
610 1273 720 1343 inania
735 1282 860 1364 captat,
885 1272 926 1343 de
952 1292 1063 1343 rerum
1092 1280 1210 1342 natura
1237 1272 1394 1361 disputat,

317 1384 485 1455 subtiliter
502 1393 535 1455 et
556 1384 685 1455 exiliter
702 1384 792 1466 dicit,
808 1385 869 1454 sed
890 1383 1129 1475 nonnunquam
1149 1385 1183 1453 in
1203 1393 1307 1454 terras
1325 1385 1399 1456 des-

319 1496 445 1577 cendit,
465 1496 507 1565 de
525 1495 674 1565 moribus
695 1496 838 1577 disserit,
862 1496 1022 1585 amplam,
1043 1496 1211 1586 copiosam
1237 1505 1269 1567 et
1293 1498 1399 1587 poeti-

320 1628 392 1679 carn
419 1609 552 1679 adamat
582 1610 784 1691 orationem,
818 1612 1021 1700 comicorum
1054 1611 1152 1693 sales,
1189 1610 1398 1691 dicacitatem

320 1724 598 1815 festivitatemque
625 1726 810 1795 aemulatur.
834 1724 899 1795 Sed
923 1725 1002 1815 quid
1024 1725 1112 1815 quod
1134 1745 1217 1795 nova
1237 1715 1400 1797 comcedia

322 1839 564 1929 aphilosophis
591 1848 660 1909 tota
679 1840 872 1930 dependet?
899 1844 1003 1921 Quam
1026 1840 1222 1937 sententiam
1244 1849 1277 1911 et
1301 1861 1401 1931 supra

323 1951 532 2021 defendimus
548 1960 581 2021 et
599 1973 688 2023 nunc
706 1953 860 2023 deserere
879 1954 1045 2023 nolumus.
1067 1954 1401 2024 Animadvertendum

324 2068 374 2141 est
396 2080 508 2141 autem
526 2072 683 2151 comicos,
705 2072 853 2162 quamvis
869 2070 1020 2153 doceant,
1043 2070 1162 2142 docere
1177 2072 1287 2141 minus
1302 2089 1402 2161 quarn

325 2185 489 2257 delectare
505 2193 538 2255 et
552 2204 661 2256 mores
678 2185 775 2256 docte
793 2185 914 2254 imitari
937 2183 1083 2265 studere,
1107 2185 1286 2256 Lucianum
1305 2203 1399 2269 uero,
1478 2189 1486 2194 “

324 2303 475 2391 quamvis
491 2302 651 2371 lectorum
671 2302 831 2390 voluptati
846 2300 1007 2380 consulat,
1031 2300 1072 2369 ad
1092 2299 1267 2370 utilitatem
1291 2309 1402 2369 tamen

324 2419 436 2507 potius
451 2425 612 2507 spectare.
628 2416 766 2498 Deinde,
779 2424 811 2486 et
825 2417 859 2486 id
875 2417 1116 2506 gravissimum,
1130 2435 1197 2485 non
1213 2434 1333 2484 noram
1348 2422 1405 2483 aut

326 2535 426 2602 etiam
437 2533 582 2603 mediam
595 2534 730 2622 respicit
748 2532 946 2604 comoediam
959 2533 1133 2614 Lucianus,
1149 2531 1208 2602 sed
1221 2531 1402 2620 antiquam,

327 2647 420 2735 cujus
435 2651 564 2732 poetas,
585 2651 641 2711 aut
660 2651 773 2731 aperte
795 2642 957 2723 nominat,
979 2650 1121 2712 autnon
1143 2640 1296 2729 ambigue
1316 2642 1407 2711 desi-

326 2766 413 2846 gnat.
435 2757 516 2837 Quis
534 2757 622 2825 euim
643 2756 707 2825 nisi
724 2747 946 2846 antiquorum
959 2755 1169 2845 coryphaeus,
1191 2755 1255 2823 nisi
1279 2755 1406 2824 Aristo-

327 2872 666 2961 phanesdialogorum
678 2873 855 2960 scriptores
868 2886 1086 2961 μετεωρολέσχας,
1101 2884 1259 2959 φροντιστὰς
1270 2870 1408 2940 vocabat

329 3005 453 3076 eosque
462 2986 641 3056 exhibebat
650 2998 753 3071 tollar
769 2996 914 3073 πηδήματα
930 2994 1157 3073 διαμετροῦνταςῗ
1169 2989 1261 3054 ΝΠΙΙῦ
1273 2984 1407 3053 landem

329 3100 491 3170 habemus
519 3100 599 3190 quid
628 3099 768 3170 voluerit
795 3098 905 3169 dicere
931 3096 1113 3177 lucianus,
1142 3115 1203 3167 neo
1230 3115 1409 3186 possumus

330 3216 460 3285 illinon
480 3216 643 3285 assentiri.
670 3215 905 3304 Aristophanes
924 3215 1029 3295 euim,
1050 3222 1088 3283 ut
1103 3222 1240 3284 caeteros
1265 3213 1409 3302 antiquae
1456 3196 1459 3199 ¹
1533 3310 1536 3314 Ι

331 3331 503 3401 comoediae
523 3338 729 3421 praeteream,
752 3329 929 3421 plerasque
947 3329 1076 3400 fabulas
1094 3330 1128 3399 iu
1144 3332 1279 3421 privatis
1294 3339 1327 3423 et
1342 3352 1412 3422 pro-

330 3444 401 3531 prie
430 3441 471 3511 ad
495 3441 584 3512 solos
614 3440 832 3512 Athenienses
862 3441 1107 3531 pertinentibus
1131 3442 1335 3531 argumentis
1360 3443 1410 3511 in·

331 3557 436 3625 clusit.
465 3556 549 3636 Quid
576 3554 639 3624 sibi
667 3557 842 3645 proposuit
870 3558 903 3625 in
932 3540 1239 3634 Acmonensibus·
1257 3560 1348 3627 Pone
1378 3567 1412 3627 et

332 3668 560 3755 Lysistratu?
585 3667 676 3736 Pacis
692 3666 791 3747 bona,
811 3667 891 3737 belli
917 3668 1003 3736 mala
1024 3665 1280 3738 Atheniensibus
1296 3675 1413 3738 osten-

333 3782 421 3852 dere.
444 3783 528 3865 Quid
546 3782 579 3850 in
597 3779 782 3850 Nubibus?
808 3781 940 3854 Eisdem
961 3781 1219 3853 Atheniensibus
1244 3783 1412 3872 sophistas

331 3896 454 3967 invisos
475 3897 594 3966 lacere.
616 3894 702 3976 Quid
719 3895 754 3962 in
778 3895 994 3985 dobilibus?
1013 3896 1169 3965 Cleonem
1189 3896 1332 3965 inrisum
1353 3917 1414 3985 po-

332 4014 410 4102 pulo
436 4012 559 4095 lacere,
583 4030 643 4080 sua
673 4008 877 4080 multitudini
906 4011 986 4080 vitia
1010 4018 1196 4080 monstrare
1218 4020 1256 4079 ut
1276 4011 1413 4101 resipis-

334 4134 422 4196 ceret
439 4133 472 4193 et
498 4125 539 4194 ad
568 4124 741 4193 meliorem
766 4122 894 4213 frugem
922 4124 1055 4194 rediret.
1083 4123 1167 4204 Quid
1186 4123 1222 4192 ln
1245 4124 1355 4192 Raeto
1382 4133 1415 4195 et

337 4238 730 4328 Thcsruopbortuzust's?
756 4238 948 4328 Euripidem
972 4238 1126 4310 insectari
1147 4237 1238 4329 quod
1256 4237 1415 4307 mollibus
