3425 5167
826 531 988 590 ..tp-

368 658 522 729 decidere
541 659 604 728 sibi
623 657 801 728 videretur.
824 657 910 741 Quid
928 659 1107 729 Hercules?
1125 664 1196 728 Non
1212 660 1297 728 tanti
1316 660 1445 732 divinos

367 775 512 856 honores
529 775 669 845 faciebat
689 783 734 861 ut
750 775 856 843 Parcis
877 775 999 843 servire
1020 772 1066 864 (l)
1097 774 1207 844 vellet.
1231 776 1335 844 Crede
1363 776 1445 845 mihi

368 889 498 978 autipsi
511 890 641 969 saltem,
656 889 764 959 libens
776 898 809 958 et
823 890 920 984 laetus
932 908 972 958 ex
985 890 1123 979 Olympo
1135 890 1291 971 decessit,
1304 891 1444 962 simodo

368 1004 512 1092 speravit
526 1023 562 1073 se
580 1003 772 1096 sacrilegos,
792 1002 914 1073 vellent
932 1003 1117 1073 nollent-ve
1132 1008 1257 1085 Parcae,
1276 1003 1441 1087 ulturum,

366 1119 516 1207 perjuros
533 1137 770 1207 oppressurum
789 1126 822 1186 et
837 1118 959 1207 impios
975 1116 1226 1188 interfecturum
1249 1136 1335 1186 esse.
1359 1119 1444 1201 Quid

366 1234 503 1322 Apollo?
536 1234 647 1302 Potuit
675 1216 853 1322 aliquando
887 1232 1114 1322 requiescere,
1153 1251 1228 1326 cum
1255 1232 1371 1301 tandiu
1399 1236 1445 1301 ita

365 1345 483 1415 luisset
509 1344 554 1434 (2)
578 1354 757 1434 occupatus
784 1354 821 1413 ut
848 1365 890 1415 ne
916 1344 1064 1434 scalpere
1091 1344 1225 1433 quidem
1253 1364 1368 1414 aurem
1397 1346 1444 1415 illi

366 1465 504 1524 vacaret.
532 1458 603 1524 Non
625 1456 694 1544 jam
718 1474 803 1544 opus
827 1455 889 1524 luit
918 1455 1017 1523 simul
1043 1463 1077 1524 et
1102 1475 1234 1525 currum
1258 1475 1320 1545 per
1345 1477 1444 1527 auras

365 1587 479 1659 regere
509 1576 542 1638 et
574 1570 669 1657 aegris
702 1570 898 1639 medicinam
933 1568 1081 1658 praebere
1114 1577 1148 1637 et
1177 1570 1444 1640 consultantibus

366 1684 497 1753 oracula
516 1684 676 1765 reddere,
702 1684 803 1775 idque
825 1685 942 1755 eadem
963 1702 1029 1752 nna
1050 1683 1132 1752 bora
1154 1683 1187 1751 in
1212 1683 1443 1755 diversissimis

365 1799 464 1880 locis,
496 1800 630 1899 Delphis
664 1800 806 1880 scilicet,
841 1799 1055 1889 Colophone,
1090 1798 1192 1879 Clari,
1228 1788 1318 1880 Deli,
1354 1802 1443 1889 apud
1510 1890 1514 1897 Ι

363 1913 544 1994 Xanthum,
565 1914 653 2004 apud
673 1914 871 1983 Branchidae
897 1923 929 1984 et
949 1915 1084 1983 omnino
1110 1912 1312 2004 ubicumque
1328 1914 1440 2003 aliqua

363 2036 456 2096 rates
471 2049 489 2097 e
505 2048 596 2098 sacro
618 2030 709 2097 lente
729 2029 900 2111 hauriens,
911 2030 1048 2098 laurum
1063 2029 1223 2119 arripiens
1242 2029 1440 2119 tripodaque

365 2144 491 2231 agitans
512 2144 628 2213 adesse
645 2144 793 2233 juberet-3
817 2164 886 2214 non
904 2146 973 2234 jam
996 2144 1215 2233 sagacissimae
1241 2144 1330 2214 naris
1350 2146 1441 2234 eguit

367 2276 433 2345 qua
443 2257 522 2345 Lydi
535 2257 681 2326 hominis
695 2258 833 2328 insidias
846 2259 1117 2328 subodoraretur.
1135 2258 1280 2327 Alterum
1296 2259 1441 2329 invenire

365 2373 475 2460 potuit
490 2372 664 2467 Admetum
684 2374 777 2462 cujus
793 2393 872 2442 cres
892 2383 1057 2461 pasceret,
1081 2375 1163 2443 alios
1183 2382 1333 2463 pastores
1355 2395 1440 2464 quos

365 2485 477 2555 fistula
502 2505 620 2555 canere
649 2485 785 2567 doceret
805 2494 838 2555 et
860 2486 1066 2557 humanitate
1090 2487 1232 2577 quadam
1256 2488 1438 2569 excoleret3

366 2599 475 2687 potuit
495 2607 528 2667 et
548 2599 645 2688 plura
665 2609 698 2669 et
722 2601 860 2670 meliora
879 2603 911 2669 in
935 2602 1087 2672 homines
1111 2603 1273 2673 beneficia
1292 2603 1441 2673 conterre

366 2717 1441 2805 quamcumvanasconsultantiummentesvanioribusresponsis

366 2831 529 2901 eluderet.
547 2832 633 2913 Quid
645 2832 844 2901 Mercurius?
859 2831 1061 2912 Jamdudum
1078 2830 1211 2900 dolebat
1223 2829 1314 2921 quod
1327 2832 1442 2901 multis

366 2946 640 3036 occupationibus
663 2947 892 3026 distineretur,
915 2946 1005 3035 quod
1027 2946 1159 3015 duobus
1175 2944 1318 3014 dominis
1334 2926 1442 3034 iisq'ue

348 3055 490 3127 ‘severis
516 3061 653 3129 serviret
679 3069 712 3130 et
738 3062 765 3130 si
791 3062 892 3149 paulo
918 3061 950 3127 in
977 3059 1169 3128 ministeriis
1199 3058 1377 3127 tardiorem
1406 3078 1442 3127 se

365 3174 542 3261 praeberet,
562 3175 675 3264 plagas
696 3175 741 3265 (3)
763 3179 938 3264 acciperet.
962 3180 1034 3243 Jam
1060 3174 1289 3264 Aristophanis
1309 3183 1442 3263 tempo-

366 3286 459 3357 ribus
490 3299 624 3378 paratus
656 3299 725 3359 erat
755 3289 866 3366 melli,
900 3288 1075 3378 placentis,
1107 3288 1313 3358 victimarum
1342 3289 1442 3356 armis

366 3404 541 3493 Olympum
553 3413 755 3495 postponere
771 3413 804 3475 et
818 3406 917 3475 abiis
928 3405 969 3473 ad
980 3406 1134 3474 homines
1146 3405 1353 3494 transfugere
1371 3402 1415 3491 ll)
1433 3427 1439 3471 :

366 3518 559 3607 primusque
580 3520 612 3586 in
635 3540 691 3589 cre
715 3520 841 3617 habuit
859 3520 946 3588 illam
967 3527 1083 3609 postea
1107 3518 1315 3587 decantatam
1334 3516 1444 3605 saepis-

271 3644 274 3648 ’
367 3630 449 3700 sime
476 3634 674 3702 sententiam
707 3658 714 3702 :
746 3659 764 3701 n
786 3634 846 3703 Ubi
872 3633 974 3715 bene,
1001 3631 1188 3721 ibipatria.
1215 3652 1233 3697 »
1264 3631 1304 3718 (5)
1327 3636 1443 3720 ltaque

399 3856 433 3920 (1)
448 3857 545 3924 Jupiter
560 3857 707 3920 Tragoedns,
723 3860 764 3909 32.

401 3953 435 4013 (ἓ)
450 3952 492 4001 Bis
506 3961 649 4010 accusatus,
667 3956 689 4001 1.

400 4046 429 4104 (3)
447 4044 555 4100 Charon,
569 4048 595 4092 2.

399 4133 433 4199 (4)
448 4136 621 4199 Aristophan,
637 4136 741 4194 Plutus,
759 4138 821 4185 112³
837 4143 930 4199 etseq.

401 4225 436 4291 (5)
451 4227 623 4291 Aristophan„
639 4228 738 4286 Plutus,
754 4230 824 4276 1151.
