3425 5167
715 588 755 601 ..
777 560 815 621 59
837 591 876 603 ..

259 703 384 784 ptatem
405 716 413 763 ;
436 694 581 783 ideoque
596 710 713 761 omnes
730 688 861 761 dicendi
882 696 969 759 artes
994 689 1101 779 aperit
1116 696 1336 780 ornatumque

259 808 419 880 orationis
439 806 573 897 exponit
596 829 604 875 :
626 813 665 875 ut
680 805 770 896 quod
790 824 858 874 non
877 802 1067 885 insidietur,
1094 824 1155 874 nec
1173 804 1215 874 ad
1231 805 1337 873 victo-

258 924 338 993 riam
357 922 418 993 sed
434 921 607 993 ad‘solum
625 921 725 991 finem
743 919 851 990 laudis
871 928 904 990 et
919 920 1181 1009 gloriaetendat.
1207 924 1333 1002 Quare,
1436 1019 1438 1024 ,

258 1039 421 1129 quidquid
437 1038 499 1107 erit
520 1037 696 1107 sententiis
719 1037 896 1126 populare,
920 1034 1027 1106 verbis
1045 1036 1202 1120 nitidum,
1222 1036 1336 1126 figuris

254 1154 454 1245 jucundum,
471 1152 741 1223 translationibus
756 1152 984 1242 magnificum,
1004 1153 1247 1242 compositione
1267 1154 1337 1223 ela·
1467 1142 1471 1148 ’
1519 1210 1524 1221 .

258 1267 425 1348 boratum,
442 1266 532 1336 velut
547 1267 680 1335 institor
694 1265 830 1357 quidam
846 1265 1064 1354 eloquentiae,
1084 1264 1281 1336 intuendum
1305 1273 1338 1334 et

259 1402 353 1473 paene
372 1380 638 1471 pertractandum
666 1381 770 1451 dabit.
796 1384 878 1450 llam
896 1389 1035 1451 eventus
1060 1381 1247 1471 adipsum,
1269 1401 1337 1451 non

259 1498 299 1567 ad
320 1516 454 1567 causam
469 1495 622 1565 refertur.
643 1518 660 1562 »
681 1500 789 1578 Quum
805 1493 1029 1577 Quintilianus
1045 1496 1116 1586 ipse
1136 1505 1204 1564 tam
1220 1515 1337 1585 parum

259 1615 343 1683 elate
359 1633 398 1682 ac
413 1612 588 1701 magnifice
605 1612 647 1682 de
665 1612 857 1702 eloquentia
873 1611 994 1680 sentiat
1009 1619 1042 1680 et
1060 1617 1226 1680 oratorem
1241 1611 1339 1681 insti-

260 1728 319 1799 tori
341 1742 533 1817 comparare
551 1746 617 1796 non
638 1726 828 1809 eruhescat,
847 1726 927 1816 quid
946 1728 1068 1796 mirum
1089 1726 1116 1795 si
1136 1726 1236 1796 ceteri
1256 1727 1337 1796 nihil

259 1865 325 1916 nou
342 1844 405 1914 sihi
420 1845 518 1914 licere
536 1842 736 1913 credebant?

298 1966 390 2030 Inter
417 1969 530 2030 autem
562 1960 674 2028 omnia
696 1959 770 2047 jura
797 1978 871 2048 quae
902 1978 1005 2047 genus
1036 1956 1336 2027 demonstrativum

259 2078 353 2169 quasi
374 2077 425 2147 sui
445 2075 580 2167 propria
604 2082 637 2144 et
656 2072 838 2164 peculiaria
857 2080 987 2162 poterat
1006 2071 1189 2150 vindicare,
1211 2070 1338 2139 nullum
1370 2152 1372 2156 ¹

258 2205 313 2266 aut
334 2194 463 2264 lucilius
483 2191 726 2264 concedebatur
751 2198 809 2259 aut
836 2188 965 2258 aridius
990 2186 1210 2278 arripiebatur
1235 2206 1336 2277 quam

254 2310 309 2397 jus
327 2308 456 2378 infinita
472 2326 558 2397 pene
572 2304 723 2375 libertate
736 2303 959 2393 comparandi.
977 2301 1061 2371 dudi
1085 2299 1277 2389 Dionysium
1293 2298 1336 2389 (l)

259 2424 539 2494 halicarnasseum
558 2443 565 2489 ;
583 2442 600 2486 «
616 2420 649 2489 Si
663 2438 801 2509 magnus
818 2426 869 2489 est
886 2437 986 2509 quem
1002 2416 1130 2495 laudas,
1147 2415 1234 2506 Ajaci
1249 2435 1339 2486 com-

259 2537 402 2628 parabis3
427 2535 454 2605 si
473 2533 612 2625 pulcher
637 2543 670 2604 et
690 2534 803 2615 lortiS,
825 2534 958 2615 lchttlt;
981 2532 1008 2601 si
1026 2531 1189 2621 prudens,
1208 2531 1336 2619 justus,
1452 2534 1454 2538 ’

258 2653 444 2734 modestus
472 2652 612 2733 Nestori,
634 2651 781 2733 Aristidi,
803 2649 978 2729 Phucicni;
1002 2642 1189 2736 si'parrus,
1219 2644 1336 2734 Tydei,

258 2770 396 2840 cononi.
415 2792 433 2836 »
450 2768 533 2838 Audi
549 2767 727 2837 lucianum
746 2792 752 2834 :
775 2788 793 2832 rr
810 2770 850 2836 lt
865 2764 947 2834 illud
959 2764 1032 2834 dico
1051 2763 1134 2831 tales
1150 2780 1223 2830 esse
1235 2760 1338 2829 nobis

215 2971 220 2979 .
259 2884 436 2955 laudandi
455 2885 545 2955 locos
566 2892 598 2954 et
618 2883 754 2962 lormaS,
782 2890 819 2951 ut
846 2882 873 2951 is
903 2880 960 2972 qui
983 2880 1111 2958 laudet,
1136 2875 1360 2966 imaginibus-

259 3000 603 3094 similitudiuibusque
619 3008 732 3069 utatur
749 3022 767 3067 »
785 2997 844 3088 (2).
870 3050 880 3065 ,

301 3122 378 3187 Hac
393 3135 470 3185 vera
490 3115 643 3206 quidem,
662 3115 721 3185 sed
745 3114 869 3184 addere
894 3114 1057 3204 potuisset
1079 3131 1145 3184 uon
1167 3110 1276 3180 solum
1297 3110 1338 3180 ad

259 3230 522 3322 amplificandam
554 3231 803 3321 ornandamque
833 3232 1019 3301 orationem
1056 3228 1338 3319 comparationem

259 3345 376 3427 valere,
403 3344 463 3414 sed
480 3346 579 3414 etiam
596 3344 752 3415 doctrinae
769 3345 961 3435 ingeniique
977 3342 1165 3415 ostentandi
1188 3343 1340 3413 occasio·
1382 3328 1388 3343 ‘

260 3478 336 3527 nem
353 3457 513 3549 praebere,
534 3467 633 3549 atque
653 3460 696 3546 lid
719 3468 831 3529 autem
850 3459 945 3529 lateri
973 3460 1111 3529 sortasse
1134 3459 1337 3547 gravaretur)

261 3577 380 3644 oratori
396 3576 475 3664 quid
491 3576 623 3668 sentiat,
643 3577 723 3666 quid
736 3576 837 3657 dicat,
859 3576 1034 3659 nescienti,
1052 3584 1086 3645 et
1103 3575 1286 3644 sententias
1307 3586 1340 3646 et
1436 3593 1439 3599 ’

260 3691 358 3760 verba
387 3691 507 3780 largius
532 3691 756 3782 suppeditare.
779 3693 826 3761 nd
850 3693 1131 3783 comparationem
1163 3692 1252 3761 enim
1279 3712 1340 3764 ue-

261 3825 353 3876 cesse
370 3816 516 3876 osteum
533 3806 712 3895 confugere
728 3807 784 3897 qui
800 3807 886 3889 vilia,
906 3808 992 3890 trita,
1020 3805 1232 3897 vulgariaque
1247 3827 1340 3897 argu-

261 3934 372 3993 menta
397 3934 453 3995 ant
482 3932 602 4014 sponte
619 3922 724 4014 (quod
753 3923 890 4013 nollem)
914 3924 1050 4014 elegerit
1067 3930 1123 3994 aut
1142 3922 1339 3994 necessitate

292 4189 324 4253 (l)
342 4189 388 4238 Ars
403 4188 544 4245 rhetorica,
561 4192 586 4249 3,
599 4192 625 4239 t.

292 4280 327 4346 (2)
345 4281 393 4330 Pro
406 4281 495 4346 imag„
511 4284 550 4331 19.
