3425 5167
729 515 937 593 ..9..'

266 674 404 755 tumque
417 663 532 734 tribuit
547 663 612 750 (tlt
624 663 711 733 Illud
723 672 810 734 certe
824 662 1002 742 contendo,
1017 662 1044 731 si
1054 682 1218 732 sommam
1230 682 1340 733 rerum

265 779 541 862 consideraveris,
563 779 658 847 lacile
674 777 734 847 tibi
755 787 962 868 compertum
978 777 1018 846 iri
1039 789 1116 847 eum
1136 778 1222 847 serio
1238 779 1341 867 jocari
1411 758 1414 766 Ι

182 942 185 947 -
265 904 430 987 qnatenus
468 896 541 985 ipsa
581 894 754 965 comoediae
786 901 904 961 natura
937 894 1096 981 patiatur,
1132 891 1218 961 serio
1255 895 1341 962 Deos

265 1010 412 1101 aggredi,
438 1010 567 1079 nullum
589 1011 676 1079 serio
705 1027 828 1077 numen
854 1007 917 1075 nisi
943 1011 1119 1077 Fortunam
1144 1025 1339 1097 agnoscere;

266 1122 356 1212 quod
370 1143 447 1193 rere
465 1122 600 1212 dignum
619 1132 669 1192 est
683 1122 815 1226 Dpicuri
834 1121 1008 1210 discipulo.
1027 1125 1097 1190 Nou
1111 1123 1177 1212 iam
1199 1121 1285 1189 inter
1305 1140 1341 1189 se
1378 1177 1381 1182 .

265 1246 414 1334 pugnant
436 1237 598 1308 comoedia
623 1245 656 1307 et
682 1236 913 1326 philosophia,
936 1236 1049 1304 odium
1071 1246 1104 1306 et
1126 1257 1216 1305 arma
1236 1237 1342 1326 depo-

265 1361 403 1423 suerunt
426 1361 609 1444 pacemque
627 1354 788 1435 inierunt,
812 1352 871 1423 sed
893 1351 1181 1441 nonsine'magno
1197 1358 1340 1423 Deorum

263 1467 475 1536 detrimento.
980 1481 984 1495 ¹

306 1583 529 1653 Hereditatem
550 1602 568 1651 a
589 1582 723 1652 comicis
746 1582 893 1651 relictam
921 1582 1003 1651 adeo
1028 1601 1094 1651 noo
1121 1581 1290 1671 dissipavit
1309 1591 1342 1650 et

264 1698 414 1787 prodegit
426 1697 590 1767 Lucienus
603 1706 767 1767 utcontra
780 1697 877 1766 ualde
892 1698 1019 1766 auxerit
1032 1706 1066 1767 et
1079 1697 1339 1786 amplificaverit.

262 1815 393 1884 Etenim
419 1814 518 1882 etiam
544 1833 619 1883 cum
646 1811 792 1901 vulgaria
814 1794 875 1881 itta
893 1820 926 1880 et
948 1812 1082 1881 comicis
1106 1812 1183 1880 trita
1206 1812 1343 1880 crimina

264 1930 401 2000 resumit
414 1938 447 1998 et
460 1937 626 2011 retractat,
643 1927 792 2019 quodDii
807 1927 962 1996 humanis
975 1925 1063 1996 vitiis
1076 1926 1237 2008 laborent,
1250 1926 1342 2016 quod

264 2064 351 2113 unus
378 2045 483 2133 gulte,
518 2044 603 2112 alius
626 2043 712 2112 lurto
741 2051 798 2111 aut
819 2042 969 2111 mollitiae
999 2042 1182 2131 indulgeat,
1214 2043 1342 2111 acutius

264 2159 401 2229 ridicula
418 2159 653 2249 deprehendit,
670 2160 838 2249 copiosius
853 2166 1020 2240 recenset,
1039 2158 1228 2229 mordacius
1248 2179 1343 2249 pers-

266 2275 387 2363 tringit.
413 2265 577 2344 Praeterea
601 2275 706 2343 multo
731 2273 843 2363 plures
871 2262 1032 2362 personas
1059 2272 1093 2341 in
1121 2291 1255 2341 scenam
1280 2280 1342 2340 tra-

265 2388 370 2468 ducit,
403 2388 506 2458 multa
536 2406 622 2456 nora
648 2387 743 2477 fingit
770 2388 922 2471 crimina,
955 2388 1081 2458 scilicet
1113 2388 1202 2479 quod
1232 2387 1343 2456 omnia

264 2505 391 2583 venalia
406 2504 563 2585 habeant,
585 2504 675 2593 quod
691 2504 777 2573 inter
792 2523 829 2572 se
843 2503 1044 2573 altercentur
1059 2503 1123 2593 (2),
1144 2502 1235 2591 quod
1250 2511 1342 2571 tanto

263 2619 329 2688 sint
343 2639 480 2689 numero
495 2628 532 2690 ut
544 2622 613 2711 jam
627 2627 740 2690 nectar
750 2627 783 2688 et
797 2618 1092 2689 ambrosiadeesse
1105 2618 1268 2709 coeperint
1281 2620 1290 2707 l
1313 2618 1338 2708 l,

265 2732 409 2823 denique
441 2732 531 2821 quod
563 2740 612 2802 tot
641 2741 674 2802 et
709 2731 808 2803 tantis
834 2742 970 2823 temque
1002 2734 1100 2801 variis
1131 2733 1343 2821 implicentur

264 2848 404 2937 negotiis
440 2857 478 2917 ut
512 2847 644 2917 illorum
678 2847 895 2927 felicissimus
933 2846 1166 2937 maximusque
1207 2848 1343 2916 homine

263 2967 411 3034 omnium
424 2964 615 3034 animalium
629 2965 814 3034 miserrimo
830 2983 905 3034 sese
921 2963 1129 3033 miseriorem
1144 2982 1260 3033 vocare
1275 2982 1344 3032 nou

264 3080 394 3149 dubitet
412 3080 470 3169 (l).
496 3085 612 3169 ltaque
631 3080 757 3169 jamdiu
771 3080 1006 3151 'labefactatam
1033 3068 1176 3150 Deorum
1200 3081 1345 3149 auotori—
1368 3135 1371 3139 .

263 3202 365 3284 tatem
378 3213 515 3283 prorsus
527 3196 656 3273 evertit,
671 3203 704 3263 et
714 3194 805 3283 quod
821 3194 953 3263 Titanes
967 3194 1194 3284 Gigantesque
1209 3194 1345 3262 immani

264 3327 420 3397 corpore,
442 3310 542 3377 vastis
562 3308 703 3389 viribus,
728 3308 965 3399 montibusque
986 3330 1087 3400 super
1106 3318 1238 3379 montes
1264 3330 1344 3380 con-

263 3423 380 3509 gestis,
407 3421 537 3492 efficere
561 3406 626 3491 non
648 3432 839 3513 potuerant,
862 3424 896 3493 id
916 3425 1137 3495 homunculus
1158 3427 1249 3496 nullo
1275 3419 1347 3497 telo

264 3537 327 3606 nisi
338 3538 465 3607 ratione
481 3546 513 3607 et
527 3539 654 3608 calamo
670 3558 762 3620 usus,
777 3559 845 3608 non
858 3540 967 3611 minus
980 3540 1120 3612 feliciter
1134 3562 1234 3633 quam
1249 3541 1344 3611 lacile

238 3754 247 3761 “
296 3757 332 3824 (l)
344 3758 371 3807 ld
386 3759 425 3809 vel
440 3772 471 3808 ex
483 3772 534 3808 uuo
552 3760 667 3822 exemplo
685 3759 806 3809 facillime
821 3760 954 3824 apparebit
969 3776 975 3808 :
994 3760 1018 3810 io
1033 3775 1085 3811 uua
1099 3761 1239 3826 eademque
1256 3761 1345 3812 fabula

264 3850 395 3901 llcnaudri
421 3851 479 3901 duae
504 3851 636 3901 sententiae
664 3850 694 3900 de
717 3852 771 3901 Diis
795 3867 871 3915 quam
897 3855 1007 3904 manime
1031 3856 1144 3906 adversae
1177 3856 1342 3917 explicantur.

262 3918 477 4013 Ἐπιτρὲποντεῆ
494 3944 636 4007 Fragment.
651 3944 671 4001 1,
687 3944 712 3993 4.
728 3942 823 4006 (blein,
838 3943 879 4002 tv,
897 3947 1029 4011 lle-luo.)

297 4042 539 4111 (riutarogueor,
555 4046 579 4092 5.
687 4028 699 4046 ‘
741 4029 745 4035 ’
1039 4051 1041 4056 ’

297 4135 331 4199 (3)
345 4135 484 4186 Concilium
500 4138 619 4186 Deorum.

295 4231 327 4287 (4)
343 4228 384 4277 Bis
399 4236 543 4289 accusatus,
559 4230 614 4277 t-l.
631 4229 776 4295 -Jupiter
791 4229 949 4291 confutatus,
967 4231 1006 4277 19.
