3425 5167
779 578 819 592 ...
842 550 875 609 31
902 580 942 593 .-

318 662 351 723 et
369 655 670 746 suaviloquentiam
685 674 752 725 non
768 656 920 737 miratur3
941 664 1121 747 utrumque
1138 658 1251 739 ebibit,
1272 660 1400 729 utrius·
1443 722 1445 729 .

318 789 383 858 que
403 790 520 839 versus
536 779 573 839 ut
588 770 683 840 valde
701 771 892 859 probandos
915 773 1099 863 saepissime
1123 775 1228 843 allert.
1252 776 1316 847 Sed
1342 796 1399 846 eos

317 884 465 955 veritatis
486 886 726 976 perspiciendae
741 888 883 977 viteque
905 886 1063 978 degendae
1081 888 1290 977 gravissimos
1308 891 1400 961 locu-

317 999 588 1091 pletissimosque
615 1010 767 1071 auctores
792 1000 905 1071 baberi
935 1021 1009 1071 curn
1036 1003 1170 1072 Platone
1194 984 1400 1092 indignatum

316 1116 431 1205 Itaque
450 1134 518 1183 nou
539 1116 681 1185 multum
697 1123 821 1185 erraret
842 1116 898 1208 qui
922 1116 1139 1187 contenderet
1158 1116 1251 1187 illum
1272 1118 1303 1186 in
1325 1120 1400 1186 irri-

317 1228 434 1298 dendis
448 1231 552 1319 epicis
563 1250 673 1300 rerum
685 1230 813 1321 copiam
825 1252 842 1299 a
854 1232 1076 1323 philosophia,
1091 1234 1248 1304 orationis
1260 1233 1398 1303 lormam
1413 1281 1430 1320 0

317 1350 349 1412 et
365 1343 577 1414 festivitatem
594 1366 613 1414 a
629 1346 794 1416 comoedia
813 1348 985 1417 sumsisse.
1006 1350 1201 1436 Quanquam
1216 1349 1400 1417 notandum

316 1456 349 1526 in
366 1459 430 1527 hoc
450 1458 632 1535 lucianum
651 1459 788 1530 comicis
811 1479 886 1529 esse
907 1460 1050 1529 similem
1078 1461 1168 1551 quod
1191 1462 1219 1531 si
1244 1481 1311 1531 oon
1333 1470 1400 1531 tra-

314 1573 418 1662 gtoos,
432 1573 638 1662 tragoediam,
651 1573 679 1644 si
691 1595 758 1645 oon
769 1583 867 1656 recta,
884 1575 1080 1666 obliquavia
1091 1576 1292 1665 perstringit.
1305 1577 1399 1667 Apud

315 1709 391 1759 eum
405 1691 577 1781 tragoedia
591 1710 713 1761 nomeu
725 1692 757 1760 in
772 1691 985 1762 deterrimam
998 1675 1137 1759 trahitur
1149 1699 1277 1781 partem
1292 1692 1398 1761 :idem

315 1802 382 1873 lere
400 1804 489 1874 valet
513 1826 552 1875 ac
573 1806 755 1886 simulatio,
779 1806 905 1875 vanitas
933 1813 965 1874 et
986 1804 1209 1874 mendacium.
1232 1817 1396 1892 τραγῳδεῖν,

313 1930 499 2008 antemonet
515 1919 646 2001 dicitur,
665 1920 817 2010 quisquis
831 1920 926 2001 falso,
946 1940 1045 2003 vane,
1067 1920 1195 2009 turgide
1216 1920 1395 2009 eloquitur,

315 2041 349 2103 et
367 2054 484 2105 rursus
506 2035 668 2125 quidquid
692 2055 806 2105 verum
828 2045 879 2106 est
900 2046 933 2106 et
955 2037 1110 2125 simplex,
1135 2048 1319 2126 arpayacum
1339 2057 1416 2108 vor

316 2157 419 2220 catur.
447 2150 744 2221 HincLuoianuse
769 2153 903 2222 comicis
930 2162 1019 2223 totus
1044 2152 1111 2221 lere
1139 2152 1261 2242 pendat
1288 2171 1398 2242 neque

316 2262 489 2353 indignum
503 2273 561 2333 aut
575 2265 774 2355 degenerem
790 2285 866 2337 sese
880 2286 1107 2337 successorem
1124 2264 1262 2355 praebet.

789 2564 897 2666 >ao.

535 2807 538 2812 -
559 2798 561 2803 ·
652 2774 697 2824 DE
723 2774 882 2826 PRIVATIS
903 2772 1068 2839 vnlmtdls.

365 2974 479 3042 Genua
497 2972 680 3044 irritabile
695 2982 832 3053 notum,
849 2975 877 3043 si
888 2976 1001 3043 Flacco
1013 2971 1178 3043 credimus
1190 2989 1196 3035 :
1210 2989 1267 3039 our
1283 2978 1395 3039 autem

319 3108 384 3158 non
415 3089 588 3159 credamus
605 3098 713 3180 poetae
735 3090 776 3159 de
798 3092 908 3178 poetis
927 3087 1064 3168 dicenti,
1088 3084 1272 3175 prasertim
1292 3105 1396 3175 quum

318 3202 389 3291 ipse
404 3204 507 3273 semel
523 3205 610 3275 diota
625 3225 686 3273 suo
703 3204 856 3293 exemplo
886 3201 1172 3291 comprobaverit?
1202 3198 1289 3268 Nulli
1318 3220 1395 3270 vero

320 3318 672 3417 irritabiliorespoetae
689 3341 788 3411 quam
804 3320 827 3388 ii
844 3320 901 3409 qui
918 3327 975 3387 aut
998 3320 1115 3388 satiras
1135 3326 1192 3386 aut
1217 3317 1397 3386 comoedias

319 3434 489 3505 scribunt:
508 3436 582 3505 vide
600 3435 769 3526 quomodo
790 3434 992 3526 Lycamben,
1014 3432 1264 3521 Neobulamque
1283 3439 1315 3501 et
1330 3436 1398 3501 Bu-

319 3553 430 3643 palum
446 3554 670 3633 Archilochus,
687 3554 844 3621 Cleonem
859 3549 1097 3640 Aristophanes
1109 3546 1271 3617 habuerit.
1290 3554 1395 3638 Atque

318 3666 381 3738 hoc
395 3687 530 3758 quoque
550 3667 684 3737 nomine
701 3668 836 3736 comicis
853 3666 1014 3735 lucianus
1027 3665 1102 3754 jure
1118 3684 1156 3733 ac
1171 3664 1288 3733 merito
1304 3684 1395 3734 oom-

318 3784 425 3873 parari
445 3792 565 3874 potest.
585 3788 688 3852 Nemo
707 3785 796 3851 enim
820 3798 966 3870 unquam
988 3777 1049 3845 luit
1072 3776 1272 3860 iracundior,
1297 3797 1394 3847 nemo

317 3899 497 3969 ulciscendi
509 3900 784 3969 occasionemaut
795 3896 981 3965 studiosius
994 3894 1156 3984 quaesivit,
1175 3901 1232 3963 aut
1247 3893 1392 3963 oblatam

318 4009 444 4079 avidius
461 4010 599 4099 arripuit
614 4018 670 4078 aut
684 4009 827 4077 atrocius
843 4009 968 4078 abusus
984 4016 1044 4077 est.
1063 4006 1159 4088 Quod
1176 4005 1394 4074 Alexandrum

318 4123 448 4211 capitali
462 4122 538 4192 odio
551 4104 1164 4211 insectaturompibusqueopprobriis
1177 4125 1396 4188 etoontume-
1423 4207 1425 4211 ι

317 4236 369 4305 liis
388 4244 519 4317 onerat,
538 4257 604 4307 non
623 4236 716 4306 valde
738 4256 935 4317 succenseo,
954 4235 1113 4327 quoniam
1129 4232 1312 4303 Alexander
1328 4238 1394 4303 Lu-
