3425 5167
826 609 863 620 ..
887 578 926 637 63
949 610 987 621 -

351 713 421 786 »ἱερῷ
432 715 477 767 καὶ
490 716 614 787 θεσπεσίῳ
626 718 674 773 τήν
690 716 767 790 φύσιν
781 717 826 771 καὶ
842 715 912 791 μόνῳ
925 712 980 790 μιτ’
997 714 1117 776 ἀληθείας
1131 714 1166 768 τὰ
1180 714 1250 770 καλαὶ
1265 714 1385 788 ἐγνωκότι
1399 715 1444 770 καὶ

362 825 557 903 παραδεδωκότι
570 831 615 884 καὶ
628 831 776 906 σ’λευθερωτῇ
784 838 834 885 τῶν
851 829 1031 908 ὁμιλησάντων
1047 832 1117 904 αὐτῷ
1124 832 1247 906 γενομένῳ
1259 845 1288 886 t.
1305 817 1390 899 Quid
1403 817 1444 886 dd

364 933 543 1022 perfectam
565 930 819 1023 absolutamque
834 931 1088 1003 similitudinem
1109 931 1207 1012 desit,
1230 952 1298 1002 non
1318 932 1443 1002 video:

363 1065 424 1117 nec
438 1066 515 1117 vero
535 1066 608 1116 eam
626 1048 797 1117 fortuitam
817 1066 892 1117 esse
916 1048 1104 1118 existimare
1125 1064 1275 1136 possum.
1292 1054 1335 1115 At
1354 1047 1444 1115 enim

363 1161 483 1251 aliquis
500 1161 678 1232 contendet
694 1181 797 1232 unum
818 1161 922 1233 fuisse
945 1162 1115 1253 exemplar
1133 1172 1275 1251 graecum
1297 1162 1389 1252 quod
1412 1171 1445 1231 et

362 1275 475 1346 Cicero
495 1284 529 1346 et
548 1276 711 1346 Lucienus
733 1278 857 1367 pariter
883 1276 1093 1347 imitarentur
1122 1298 1129 1344 :
1158 1295 1268 1365 neque
1290 1274 1324 1344 id
1347 1274 1444 1344 valde

361 1388 466 1477 probo
484 1389 541 1479 (tt,
558 1396 629 1459 tum
644 1390 687 1460 ob
707 1391 787 1459 alias
805 1411 937 1472 causas,
954 1399 1023 1460 tum
1040 1390 1130 1481 quod
1145 1389 1237 1460 locus
1253 1409 1354 1480 quem
1373 1388 1443 1478 pri-

361 1523 452 1573 mum
468 1504 577 1586 attuli
600 1524 667 1575 non
688 1526 829 1595 graecum
850 1506 910 1576 sed
931 1525 1106 1576 romanum
1135 1512 1168 1574 et
1197 1504 1443 1574 ciceronianum

361 1616 490 1687 redolet
504 1618 685 1707 ingenium.
699 1624 810 1710 Longe
828 1620 926 1709 igitur
941 1620 1030 1689 malo
1045 1620 1179 1689 credere
1193 1617 1336 1688 tullium
1351 1638 1371 1685 a
1384 1623 1444 1687 Ln-

362 1731 455 1802 ciano
474 1739 507 1802 et
525 1733 649 1804 lectum
665 1741 699 1805 et
716 1754 911 1824 expressum
927 1733 1056 1803 fuisse:
1075 1732 1217 1803 viderint
1234 1732 1335 1801 modo
1353 1730 1442 1801 docti

360 1844 514 1917 homines
529 1849 585 1939 qui
600 1849 696 1918 illum
710 1849 810 1920 latine
826 1850 962 1919 omnino
979 1849 1160 1919 nescivisse
1177 1848 1396 1918 contendunt.

396 2096 428 2158 (l)
447 2098 510 2150 Vide
524 2106 608 2148 tamen
622 2098 787 2150 uenandrum
801 2100 935 2159 (Meincku
949 2099 988 2158 lv,
1006 2102 1070 2161 335).
