3425 5167
747 586 751 592 .
852 540 1012 599 —l8-

390 664 833 755 rhetorumprrcccptorcm
848 668 976 737 inducit
990 667 1172 759 discipulos
1185 668 1469 763 docentematque

387 780 575 850 hortantem
603 779 720 851 omnes
750 767 889 850 virtutes
910 779 1051 869 fugiant,
1076 784 1189 851 omnia
1209 783 1287 851 viti-a
1302 793 1470 855 sectentur

388 895 414 962 si
425 896 611 965 oratoriam
632 895 762 964 laudem
775 893 913 984 adipisci
931 895 1052 963 velint?
1069 894 1154 976 Quid
1168 897 1375 987 ingeniosius
1389 900 1470 968 alle-

388 1009 534 1095 goricum
569 1029 686 1099 quam,
720 1017 756 1077 ut
781 1008 1063 1098 philosophorum
1093 1009 1263 1080 avaritiam
1293 1021 1409 1101 aperte
1437 1022 1469 1083 et

387 1123 561 1193 manifeste
586 1125 806 1205 demonstret,
836 1142 894 1192 eos
921 1124 990 1192 auri
1019 1126 1132 1213 specie
1162 1126 1299 1196 allectos
1325 1128 1466 1216 piscari?

387 1239 472 1321 Quid
501 1239 658 1309 audacius
684 1238 798 1309 fictum
834 1258 933 1327 quam
963 1243 1051 1308 Vero
1080 1240 1241 1312 Historia
1269 1242 1326 1312 uhi
1353 1263 1468 1313 omnes

318 1436 325 1441 „
386 1354 497 1425 frenos
516 1355 640 1445 ingenii
663 1355 810 1425 audaciae
838 1364 871 1424 et
896 1355 1033 1424 luxuriae
1053 1356 1193 1428 remittit
1214 1356 1468 1450 mendaciisque

382 1469 574 1559 jocosisque
601 1470 800 1539 commentis
821 1489 861 1539 ex
887 1469 1050 1539 industria
1072 1470 1266 1560 compositis
1295 1482 1466 1562 poetarum

388 1590 421 1651 et
439 1582 674 1653 historicorum
691 1584 776 1653 seria
790 1584 963 1653 mendacia
983 1588 1136 1674 superall

433 1699 497 1768 Sed
511 1700 591 1789 quid
617 1700 747 1790 longius
767 1700 909 1789 probare
926 1719 1027 1779 coner
1046 1702 1228 1770 lucianum
1250 1702 1290 1770 ad
1314 1703 1466 1773 eamdem

387 1816 525 1886 lormam
539 1837 640 1907 qnam
648 1819 792 1888 comicos
808 1836 911 1907 opera
925 1815 1104 1905 redegisse,
1120 1818 1411 1909 completumque,
1432 1827 1467 1887 ut

386 1927 451 2011 illi,
489 1929 620 2016 dialogo
649 1934 781 1998 utaturr
809 1930 905 1998 Haud
932 1928 1088 2019 equidem
1120 1930 1236 2018 ignoro
1265 1931 1340 2020 plus
1369 1953 1467 2022 quam

389 2043 492 2111 semel
512 2042 625 2132 ipsum
643 2042 790 2132 profiteri
806 2062 841 2111 se
858 2063 923 2112 noo
940 2062 967 2110 a*
977 2043 1122 2123 comicis,
1146 2044 1205 2113 sed
1225 2046 1469 2137 aphilosophis
1490 2087 1493 2091 -

386 2154 554 2245 dialogum
572 2165 762 2225 mutuatum
787 2176 872 2236 esse,
894 2158 1130 2246 Platonemque
1149 2158 1360 2245 potissimum
1384 2160 1470 2230 inter

386 2270 604 2360 philosophos
624 2273 763 2341 innuere
778 2271 918 2341 videtur.
940 2271 1004 2340 Sed
1025 2272 1169 2362 primum
1186 2275 1277 2343 Plato
1297 2275 1370 2363 ipse
1395 2276 1468 2345 dia-

354 2376 358 2384 '
391 2384 500 2475 logum
520 2385 560 2454 ah
575 2386 769 2476 Epicharmo
784 2394 955 2456 mutuatus
970 2395 1039 2455 erat
1053 2406 1197 2477 eumque
1213 2388 1378 2458 comoedia
1391 2408 1469 2479 pro-

387 2501 459 2587 prio
472 2500 546 2590 jure
562 2500 624 2569 sihi
641 2499 808 2570 vindicare
822 2509 952 2590 posset;
967 2499 1089 2570 deinde
1103 2501 1266 2571 Lucienus
1281 2502 1360 2591 ipse'
1376 2503 1470 2572 addit

386 2636 422 2686 se
440 2616 481 2686 ad
497 2616 669 2688 comoediae
686 2617 757 2707 ipse
772 2636 888 2687 vocem
906 2617 1074 2707 dialogum
1090 2617 1369 2701 accomodavisse,
1387 2627 1421 2689 et
1434 2620 1467 2689 id

385 2713 523 2820 quidem
541 2732 771 2821 gravissimum
789 2755 795 2799 ;
814 2752 882 2801 non
898 2732 986 2801 enim
1001 2730 1180 2821 plurimum
1198 2731 1466 2803 relertutaturne

385 2865 425 2913 an
446 2866 513 2915 non
533 2845 680 2933 dialogo,
705 2845 763 2914 sed
784 2845 953 2936 quomodo
982 2853 1104 2915 utatur.
1139 2851 1303 2915 Caeterum
1330 2847 1466 2917 minime

384 2959 502 3028 mirum
528 2960 555 3028 si
580 2961 644 3030 hoc
668 2960 878 3048 potissimum
899 2961 1062 3029 sermonis
1083 2978 1188 3048 genus
1214 2959 1380 3028 adamarit
1401 2983 1407 3029 :
1430 2964 1464 3032 in

385 3074 546 3163 principio
566 3074 678 3144 rhetor
695 3073 816 3155 luerat,
835 3082 878 3155 et,
899 3076 925 3145 si
945 3094 1011 3143 non
1029 3082 1134 3145 certas
1152 3082 1184 3143 et
1205 3074 1366 3164 singulas,
1390 3074 1467 3144 infi-

382 3188 469 3258 nitas
481 3196 514 3258 et
531 3188 702 3257 universas
720 3207 834 3257 causas
850 3196 984 3277 egerat:
1005 3187 1136 3278 dialogo
1152 3198 1264 3259 aulem
1284 3167 1343 3272 uli,
1362 3190 1396 3260 id
1412 3191 1464 3261 'est

384 3324 519 3395 quoque
537 3304 677 3373 rhetoris
691 3311 805 3393 partes
819 3322 983 3384 exercere,
1003 3304 1066 3373 nisi
1086 3303 1176 3393 qood
1192 3323 1308 3373 omnes
1323 3312 1356 3373 et
1375 3305 1467 3375 solus

385 3419 468 3488 duas
482 3427 538 3488 aut
551 3417 664 3508 plures
684 3436 800 3487 causas
815 3425 958 3507 perorat,
978 3415 1068 3487 idem
1086 3417 1190 3497 audit,
1213 3418 1301 3488 idem
1323 3408 1465 3509 judical.
1505 3422 1509 3427 ’

384 3532 475 3602 hdde
496 3532 586 3621 quod
610 3534 730 3601 veritas
753 3532 847 3620 quasi
873 3530 964 3599 elisis
985 3530 1200 3619 opinionibus
1221 3532 1358 3615 elicitur,
1380 3533 1466 3601 etin

385 3657 559 3736 utramque
574 3655 702 3736 partem
716 3644 906 3734 disputandi
923 3646 1006 3715 ratio
1029 3645 1201 3735 copiosam
1216 3653 1249 3714 et
1265 3646 1393 3716 lacllem
1413 3648 1467 3716 in·
1491 3738 1495 3744 .

386 3761 473 3851 genii
484 3760 681 3831 ostendendi
691 3758 863 3829 materiam
875 3768 908 3829 et
920 3760 1128 3831 occasionem
1142 3759 1285 3849 praebet:
1301 3761 1465 3829 Lucienus

386 3885 508 3958 autem,
534 3884 571 3945 ut
595 3876 739 3945 veritalis
765 3884 835 3944 erat
852 3874 1115 3952 amantissimus,
1135 3873 1180 3942 ita
1199 3873 1322 3962 ingenii
1343 3873 1464 3944 lamam

281 4003 287 4011 ·
386 3992 476 4063 haud
491 3991 739 4081 aspernabatur.
761 3990 869 4059 lloltae
890 4009 967 4079 ergo
988 3997 1021 4058 et
1037 3988 1132 4057 variae
1157 4007 1263 4057 carisae
1286 4007 1465 4058 concurre·
1533 4006 1539 4017 ·

386 4108 467 4178 bant
480 4117 517 4177 ut
535 4107 698 4177 lucianus
711 4105 841 4195 dialogo
861 4114 1021 4186 uteretur,
1041 4123 1140 4193 quem
1155 4101 1291 4192 quidem
1308 4101 1463 4173 facillime

388 4232 422 4292 el
446 4221 634 4293 felicissime
659 4228 787 4291 tractat.
815 4225 917 4290 Nemo
944 4238 1090 4309 unquam
1117 4217 1320 4288 comicorum
1344 4217 1464 4286 melius
