3425 5167
733 537 894 597 ..83-

275 676 308 739 et
328 668 431 737 lector
448 668 619 758 percipere
637 667 765 757 possit?
783 666 848 738 Sed
865 666 916 736 leo
935 672 1037 736 totam
1061 664 1192 755 Epicuri
1219 663 1348 756 colpam

274 803 368 868 esse;
389 784 489 854 nolim
509 793 619 853 tamen
636 784 786 875 protinus
805 784 899 854 illum
919 782 1145 852 inconstantiae
1171 791 1204 851 et
1227 782 1348 854 ohson-
1401 811 1404 818 ·

273 900 391 982 nitatis,
414 899 606 990 Diogenem,
621 899 874 988 Aristophanem
896 907 928 968 et
942 898 1132 968 Ciceronem
1158 898 1268 985 ipsum
1295 916 1349 965 er-

272 1015 356 1087 roris
371 1023 404 1086 et
419 1015 559 1086 inscitiae
571 1014 744 1097 damnare;
767 1023 850 1096 tum,
876 1015 965 1106 quod
988 1014 1135 1105 epaonis
1154 1033 1221 1084 non
1239 1014 1349 1084 omnia

272 1133 402 1224 Epicuri
411 1135 534 1222 scripta
546 1133 625 1202 satis
637 1132 722 1203 bene
734 1132 873 1223 judicari
884 1139 1035 1222 possunt;
1046 1138 1126 1213 tom,
1142 1130 1347 1221 quodinillis

274 1250 435 1341 epistolis,
459 1257 496 1319 nt
508 1249 579 1340 ipse
594 1269 654 1318 nos
669 1258 794 1330 monet,
810 1257 913 1317 totam
931 1267 1026 1318 suam
1045 1246 1251 1335 disciplinam
1274 1247 1347 1316 bre·

271 1368 353 1439 riter
368 1376 401 1438 et
407 1368 607 1452 summatim
620 1365 793 1455 complecti
807 1364 932 1434 voluit:
950 1383 1022 1433 raro
1038 1371 1149 1433 autern
1165 1362 1285 1433 accidit
1295 1373 1343 1446 nt,

237 1559 240 1566 ,
273 1484 330 1576 qui
344 1482 500 1565 breviter,
522 1482 613 1552 idem
628 1482 713 1552 clare
732 1481 831 1550 dicat.
850 1484 934 1550 llum
947 1479 1087 1550 levitatis
1103 1487 1136 1549 et
1153 1478 1346 1550 temeritatis

271 1597 509 1681 Quintilianum
527 1597 731 1678 damnamus,
747 1597 837 1687 quod
852 1596 885 1663 iu
899 1594 1074 1665 Aristotele
1089 1596 1285 1665 suavitatem
1299 1595 1344 1686 (ll

273 1715 450 1805 eloquendi
464 1714 587 1795 laudat,
605 1734 680 1783 cum
695 1713 765 1782 haec
784 1713 887 1782 virtus
903 1731 942 1781 err
954 1710 1136 1780 Aristotelis
1158 1709 1200 1779 cle
1216 1709 1346 1780 lllreto-

270 1826 1344 1908 ricolibrisnobisomninoabesserideaturlllinime.Quisenim

275 1949 445 2018 conridet
461 1946 717 2017 commentarios
731 1945 934 2024 festinanter,
957 1941 1097 2012 sortasse
1117 1941 1214 2010 etiarn
1243 1940 1345 2029 negli-

271 2064 402 2155 gentius
422 2064 464 2133 ad
482 2083 579 2132 usum
595 2061 833 2153 discipulorum
852 2060 1004 2149 scriptos,
1023 2078 1088 2127 noo
1106 2057 1223 2127 iisdem
1240 2059 1344 2128 virtu·
1456 2059 1459 2064 ’

272 2180 375 2263 tibus,
394 2180 517 2271 utribus
543 2199 643 2269 opera
665 2178 753 2247 lente
776 2187 809 2248 et
833 2185 985 2247 accurato
999 2177 1154 2265 persocia,
1174 2177 1343 2248 abundare

271 2299 394 2385 posse?
407 2294 529 2363 Eadem
548 2294 617 2363 lere
630 2293 662 2361 in
678 2312 777 2363 causa
789 2294 963 2382 Epicurum
986 2300 1019 2361 et
1042 2291 1249 2362 Aristotelem
1269 2312 1343 2364 esse

271 2411 421 2479 existimo
441 2434 447 2478 :
469 2410 527 2480 sed
542 2410 672 2481 etiamsi
689 2429 806 2493 errem,
828 2410 958 2479 etiamsi
969 2409 1127 2500 Epicurus
1150 2406 1249 2501 qn'am
1267 2419 1343 2481 tan-

272 2534 383 2618 topere
397 2526 469 2595 aliis
481 2527 734 2596 commendabat
750 2527 1037 2617 perspicuitatem,
1057 2527 1129 2618 ipse
1147 2528 1339 2616 neglexerit,

254 2642 458 2731 epicureum
477 2650 585 2711 tamen
605 2644 638 2710 in
656 2662 775 2733 genere
806 2643 934 2712 dicendi
963 2643 1143 2713 Lucienum
1169 2664 1242 2715 esse
1263 2665 1342 2715 con·

272 2760 379 2841 tendo,
396 2768 429 2828 et
443 2759 531 2849 apud
542 2778 618 2828 eum
628 2759 771 2848 magistri
782 2766 984 2850 preceptum
994 2760 1105 2848 potius
1119 2780 1217 2849 quarn
1228 2779 1342 2830 exem·

271 2876 357 2964 plum
367 2875 612 2946 valuisseNihil
621 2875 710 2944 eliud
721 2884 785 2945 tarn
797 2875 1119 2966 vehementerquam
1131 2878 1217 2948 clare
1228 2879 1340 2969 eloqui

267 3111 418 3188 παρ’ρησίαν
430 3113 473 3168 καὶ
488 3112 622 3176 ἀλήθειαν,
638 3111 705 3167 οὕτω
718 3111 744 3168 δὲ
757 3114 801 3167 καὶ
816 3119 924 3187 appensa
939 3114 1032 3182 αὐτοῦ,
1047 3110 1084 3175 εἷς
1095 3112 1191 3175 σκοπὸς
1203 3111 1215 3166 c'
1225 3121 1338 3186 πρῶτος,

266 3238 351 3304 σαφῶς
366 3226 481 3287 δηλῶσαι
493 3230 537 3283 καὶ
547 3230 717 3303 ἐμφανώτατα
730 3230 871 3304 ἐμφανίσαι
883 3229 914 3284 τὸ
926 3235 1039 3305 πρᾶγμα
1051 3239 1058 3285 2
1073 3215 1203 3306 Epicuri
1216 3214 1340 3285 dlsstata

265 3332 395 3402 ridetur
411 3332 560 3401 recitare.
589 3338 702 3422 Neque
720 3342 830 3403 antem
854 3334 913 3403 has
934 3333 1022 3423 leges
1048 3333 1119 3401 aliis
1141 3332 1338 3423 prescribit,

266 3449 336 3537 ipsc
357 3467 422 3517 non
443 3456 560 3528 servat,
579 3450 646 3517 imo
669 3467 745 3517 vero
768 3450 953 3519 orationem
976 3468 1108 3538 semper
1128 3455 1271 3518 sectatur
1297 3448 1341 3516 ita

266 3563 440 3642 illustrem,
455 3572 670 3652 ntnrtnqnam
682 3563 823 3653 caligent
835 3564 986 3646 lectoreS,
1003 3564 1049 3632 ita
1060 3563 1341 3652 planamulnun-

266 3698 363 3767 quam
378 3678 534 3748 haereant.
552 3679 714 3768 Nulloqoe
731 3678 794 3747 alio
811 3679 933 3749 indicio
951 3679 1003 3766 lde
1015 3678 1143 3748 indiciis
1160 3679 1269 3749 solnm
1293 3679 1341 3748 lo-

266 3816 348 3885 quor
363 3817 436 3886 quae
451 3815 490 3865 ex
503 3796 575 3885 ipso
592 3795 722 3866 dicendi
736 3814 858 3885 genere
883 3795 1095 3885 colliguntur,
1126 3796 1236 3866 dubiis
1258 3815 1338 3864 sane

266 3925 297 3980 et
310 3910 449 3992 loribus,
467 3930 531 3981 non
549 3912 658 3981 tamen
675 3912 810 3980 omnino
829 3910 1106 4002 contemnendis),
1138 3919 1194 3980 ant
1213 3910 1340 3980 facilius

265 4035 321 4096 ant
336 4028 457 4098 certius
471 4047 630 4119 agnosces
645 4028 883 4116 genuinum-oe
897 4026 949 4109 sit,
965 4046 1006 4095 an
1021 4046 1099 4109 non,
1114 4026 1178 4096 hoc
1190 4026 1339 4096 antillud

299 4275 331 4341 (ll
349 4277 410 4324 lust.
428 4276 494 4325 Oret.
507 4276 535 4334 ll,
554 4279 577 4334 l,
592 4277 632 4325 83.
