3425 5167
537 630 542 647 p
725 569 888 626 -51-

183 681 187 693 ’
264 696 396 766 Minime
412 698 560 765 omnium
579 696 687 767 oredo.
714 702 752 765 ln
772 698 830 766 Bis
849 707 1018 768 deaurato
1033 699 1154 769 Cratini
1176 701 1343 787 Pptioum

266 810 401 880 imitari‘.l
409 810 510 880 Valde
528 810 643 880 dubito
655 834 662 879 ε
675 811 960 901 Aristophanis-ne
978 810 1120 883 Plutum
1133 815 1176 905 ll)
1192 817 1342 906 respicit,

264 946 367 1015 quum
399 926 563 1016 llieyllum
591 926 707 1017 jocose
725 927 768 1018 (ἓ)
802 927 995 1017 ejulantem,
1022 929 1143 1018 Nubes,
1154 930 1211 1022 (3),
1241 953 1344 1023 quum

215 1060 219 1068 ’
264 1047 388 1111 Lunam
405 1043 446 1112 de
459 1042 669 1132 philosophis
686 1041 882 1133 querentem
891 1043 931 1131 (l)
947 1044 1043 1113 laeitl
1059 1050 1186 1115 Pacem
1199 1054 1232 1115 et
1244 1051 1342 1127 aloes,

264 1177 367 1246 quum
381 1157 631 1247 learomeuippo
648 1156 702 1225 dat
719 1177 858 1246 pennas,
878 1158 1018 1246 Equites
1035 1156 1092 1247 (5),
1117 1179 1220 1249 quum
1243 1160 1345 1250 Apol-

265 1270 322 1340 lini
340 1272 382 1360 (6)
403 1272 573 1341 oraculum
585 1271 726 1360 affingit3
740 1268 1006 1341 uectestozesus
1023 1271 1079 1363 (7),
1100 1293 1203 1363 quum
1217 1274 1345 1363 tyranni

264 1387 495 1479 illegapeuthis
511 1389 663 1477 lampada
678 1387 911 1472 testificantem
932 1385 975 1476 (8)
1001 1387 1148 1457 inducit?
1176 1388 1345 1458 Libentius

265 1504 475 1587 crediderim
493 1504 657 1573 affirmare
675 1523 742 1572 non
763 1503 870 1571 ausim
889 1525 896 1569 ε
920 1501 980 1571 sed
1001 1502 1134 1591 negabit
1153 1523 1252 1573 nemo
1270 1524 1345 1573 eum

265 1600 331 1689 ela
347 1618 525 1689 Menandro
542 1618 751 1700 blancham,
770 1618 797 1687 si
817 1638 884 1687 nou
904 1619 938 1686 in
954 1617 1152 1703 Piscatore,
1179 1620 1344 1689 saltem‘iu

264 1732 537 1821 Pseudologisto
556 1743 743 1804 mutuatum
765 1752 850 1815 esse,
874 1753 977 1823 quum
992 1734 1064 1824 ipse
1078 1744 1191 1825 aperte
1210 1734 1252 1825 (9)
1269 1756 1347 1826 pro-

264 1848 407 1931 fiteatur,
431 1860 464 1920 et
481 1851 649 1940 dialogum
671 1851 779 1933 illum,
804 1850 861 1941 qui
877 1850 998 1920 Timon
1017 1851 1216 1934 inscribitur,
1239 1859 1345 1922 totum

264 1966 331 2037 iere
348 1967 391 2037 ad
409 1967 637 2057 Aristophanis
655 1964 795 2035 Plutum
818 1967 1059 2057 composuisse,
1086 1988 1188 2059 quum
1211 1988 1264 2037 res
1286 1988 1346 2058 per

265 2104 300 2156 se
320 2085 367 2155 ita
385 2084 560 2155 manifesta
584 2084 628 2153 sit
649 2092 686 2153 ut
705 2102 816 2173 neque
840 2082 946 2172 ipsius
977 2084 1110 2154 Lueiani
1135 2082 1345 2153 consessione

264 2219 374 2289 neque
394 2200 470 2269 ullis
484 2200 631 2289 indigeat
651 2199 868 2288 argumentis.
896 2199 1074 2289 Utriusque
1093 2200 1204 2290 operis
1226 2198 1346 2268 simili-

264 2313 395 2383 tudines
406 2312 761 2402 dissimilitudinesque
775 2310 848 2381 iuse
864 2313 985 2381 etsatis
1001 2312 1178 2403 diligenter
1190 2312 1345 2403 exposuit

263 2430 475 2501 doctissimus
489 2429 538 2498 vir
550 2426 697 2498 Carolus
712 2426 848 2497 Labeon
860 2428 947 2516 (l0);
966 2426 1118 2517 quaedam
1137 2426 1358 2522 tamen-omi*

263 2546 320 2627 sit,
336 2554 409 2615 tum
419 2542 498 2625 alia,
514 2551 585 2611 tum
598 2541 922 2631 gravissimamillam
935 2539 1241 2610 dissimilitudinem
1252 2541 1344 2630 quod

262 2659 351 2749 apud
378 2657 633 2747 Aristophanem
660 2656 774 2739 nullae,
804 2655 893 2746 apud
919 2656 1100 2737 Lueiauum
1131 2675 1247 2725 omnes
1275 2656 1343 2725 lere

263 2793 412 2862 personae
429 2772 708 2862 philosophantur
727 2793 734 2838 :
754 2769 813 2840 sed
828 2788 902 2839 eam
917 2770 950 2838 in
969 2788 1119 2859 praeseus
1136 2769 1215 2840 satis
1234 2770 1342 2839 habeo

261 2890 404 2961 breviter
418 2889 579 2969 iudicare,
598 2908 675 2958 mox
692 2887 822 2976 longios
838 2886 1003 2976 explicare
1025 2886 1184 2961 conabor.

303 3002 378 3068 lam
409 3016 503 3077 vero,
529 3004 567 3066 ot
594 2994 795 3065 comicorum
822 2993 980 3091 virtutes,
1017 2994 1065 3064 sio
1097 2994 1175 3063 vitia
1207 3014 1341 3086 quoque

262 3111 414 3201 exprimit
430 3113 606 3182 Lueianus.
626 3114 728 3179 Nemo
747 3099 874 3199 ignorat
893 3110 1056 3192 eominus,
1078 3110 1232 3201 antiquos
1254 3131 1342 3201 prae-

295 3344 327 3410 (1)
345 3344 417 3401 1125,
435 3345 509 3393 1130.

294 3434 323 3493 (l)
339 3433 468 3496 cataplus.

297 3526 326 3588 (3)
344 3525 402 3574 eoa.

295 3618 325 3677 (4)
334 3615 501 3677 Iearomenip.

296 3706 330 3771 (5)
344 3706 399 3765 197,
416 3708 490 3765 1015,
505 3708 577 3765 1030,
593 3706 663 3755 1035.

272 3808 279 3829 *
293 3799 324 3859 (6)
338 3796 417 3861 Jupit.
433 3796 549 3860 Tragoed.

296 3889 328 3954 (7)
342 3889 404 3939 luit.
494 3916 497 3921 -

295 3980 327 4047 (8)
343 3983 472 4046 Calamus,
490 3982 530 4031 17.

294 4077 325 4134 (9)
337 4074 501 4138 Pseudolog.,
514 4079 539 4123 4.

293 4163 343 4230 (10)
357 4166 434 4215 Teme
446 4165 506 4215 XXX
520 4166 565 4215 des
579 4164 711 4215 llernoires
726 4165 758 4213 de
772 4164 924 4214 l’headdmio
940 4164 985 4214 des
1008 4148 1175 4227 Inscriptions
1199 4172 1223 4213 et
1243 4166 1343 4218 Belles-

161 4244 167 4253 ⁸
261 4254 366 4308 Lettres.
434 4301 439 4307 .
