3425 5167
781 571 942 631 ..55-

324 721 408 771 uem.
433 702 520 772 lllud
543 702 661 771 omitto
686 701 774 792 quod
797 703 941 791 Jupiter,
964 700 1063 770 etiam
1087 719 1162 769 cum
1185 701 1236 770 vel
1261 702 1403 773 maxime

323 816 538 907 philosophos
553 816 736 907 impugnat,
755 815 1030 906 pbilosophorum
1044 834 1137 885 more
1157 824 1192 884 et
1209 816 1357 906 loquitur
1371 827 1404 887 et

323 935 429 1003 sentit.
446 931 587 1023 Jupiter,
603 933 717 1016 credo,
734 952 809 1003 cum
823 934 867 1001 sit
888 941 1050 1014 aeternus,
1067 930 1216 1000 doctriua
1233 932 1403 1020 ingenium

322 1050 480 1131 excolere,
494 1050 677 1118 saturnium
692 1047 774 1118 illud
787 1050 877 1116 virus
892 1048 1073 1136 deponere,
1090 1048 1301 1137 agrestiorcm
1313 1048 1401 1117 illam

321 1164 531 1253 asperitatem
542 1182 663 1233 exuere
676 1172 776 1253 atque
787 1163 828 1232 ad
839 1161 1401 1239 recentiorembanobumanitatem

320 1280 607 1369 urbanitatemque
632 1297 742 1347 mores
767 1286 801 1346 et
821 1277 907 1347 lacta
929 1276 1177 1347 accommodare
1195 1278 1314 1366 potuit.
1337 1278 1401 1347 Sed

322 1391 1403 1486 quidquodSolonem,quireligiosissimusomni'umiuissetradi-

305 1518 382 1592 ·tur,
400 1510 600 1599 religionum
624 1510 665 1597 (l)
685 1507 1010 1598 spretoreminducit
1020 1507 1200 1577 lucianus?
1213 1506 1299 1588 Quid
1311 1507 1402 1598 quod

319 1623 465 1713 lticyllus
488 1622 532 1712 (2)
550 1629 644 1691 sutor
659 1621 813 1690 facillime
830 1621 965 1689 Homeri
982 1637 1095 1687 versus
1112 1617 1242 1700 laudat,
1267 1621 1402 1710 amplis-

319 1738 417 1819 sime,
439 1736 689 1826 copiosissime,
708 1736 918 1805 ornatissime
935 1743 967 1804 et
982 1734 1120 1803 divitum
1140 1735 1351 1805 incommoda
1369 1746 1402 1806 et

319 1871 501 1943 pauperum
523 1852 698 1923 commoda
715 1860 905 1932 enumerat,
922 1849 1094 1929 describit,
1109 1849 1270 1941 depingit,
1288 1851 1401 1940 liguris

317 1968 450 2059 figuras,
469 1969 772 2057 comparationibus
787 1967 1053 2057 comparationes
1071 1967 1206 2056 ingerit,
1227 1969 1401 2057 argutissi-

317 2104 385 2153 mas
410 2084 611 2165 sententias,
630 2082 899 2174 ingeniosissima
919 2080 1020 2152 verba
1043 2081 1139 2172 quasi
1163 2101 1181 2151 e
1201 2081 1293 2151 lente
1309 2082 1401 2150 inex·

316 2198 433 2270 hausto
449 2199 640 2290 profunditl
655 2200 914 2286 Grammaticum
928 2208 961 2268 et
975 2198 1110 2289 quidem
1124 2198 1395 2281 eruditissimum,

315 2314 446 2385 rhetora
464 2324 499 2385 et
517 2316 651 2406 quidem
678 2316 767 2385 omui
790 2315 925 2403 ingenio
941 2312 1182 2393 abundantem,
1207 2312 1297 2382 omui
1318 2311 1399 2381 doc-

314 2431 398 2501 trina
419 2429 615 2520 lloreptem,
639 2450 706 2500 nou
729 2430 898 2519 plebeium
919 2429 1098 2519 quemdam
1118 2428 1305 2506 bominem,
1332 2446 1397 2496 nou

315 2530 463 2614 sutorem
480 2542 594 2614 audire
614 2544 673 2614 tibi
696 2544 830 2614 videris.
851 2548 906 2626 Et,
927 2543 990 2611 nisi
1010 2544 1153 2612 multum
1171 2541 1275 2621 lallor,
1299 2541 1399 2612 lucia-

314 2679 396 2729 neus
420 2659 476 2729 ille
499 2659 645 2747 llicyllus
670 2677 737 2727 uon
763 2666 930 2734 sutorum,
958 2657 1017 2725 sed
1037 2656 1207 2725 rhetorum
1230 2653 1397 2724 officinam

313 2776 543 2868 frequentavit
555 2796 622 2845 non
639 2768 876 2866 crepidinibus,
890 2773 948 2841 sed
963 2772 1052 2841 libris
1064 2772 1227 2853 incubuit
1240 2790 1307 2840 non
1317 2770 1398 2840 scal-

312 2911 420 2980 prum,
438 2891 498 2960 sed
513 2892 633 2980 stylum
651 2889 811 2970 tractavit;
827 2887 869 2956 ad
884 2886 972 2955 bunc
986 2892 1075 2954 certe
1089 2884 1228 2955 minime
1245 2883 1395 2953 omnium

314 3006 453 3094 quadrat
476 3005 688 3074 notissimum
712 3002 794 3071 illud
810 2999 1024 3091 prouerbium
1051 3023 1057 3066 :
1088 3002 1136 3068 lle
1159 3006 1261 3068 tutor
1287 3014 1397 3087 supro

315 3120 506 3207 crepidam.

356 3217 456 3304 Nune
474 3244 585 3305 autern
610 3234 781 3324 quomodo
812 3233 883 3302 lieri
910 3240 1022 3322 potest
1051 3238 1088 3299 ut
1117 3232 1205 3301 idem
1233 3230 1396 3300 Luciacus

314 3352 413 3420 modo
440 3352 582 3442 optimc,
603 3352 703 3422 modo
721 3352 832 3438 minus
852 3351 939 3420 bene
959 3350 1128 3438 dialogum
1145 3357 1276 3430 tractet,
1296 3347 1396 3418 modo
1430 3353 1437 3367 ‘

316 3464 504 3554 religiosius
523 3465 965 3546 verisimilitudinem,colat,
988 3461 1088 3531 modo
1114 3460 1314 3532 incuriosius
1333 3481 1395 3531 ne-

314 3578 434 3667 gligat?
457 3583 549 3649 Hanc
572 3598 637 3667 ‚ego
661 3599 791 3649 oausam
820 3578 900 3646 mibi
925 3574 1073 3645 invenire
1097 3574 1210 3645 videor
1238 3598 1244 3641 :
1273 3573 1397 3643 scilicet

315 3693 408 3784 quod
436 3693 522 3763 inter
547 3694 619 3784 ejus
645 3693 793 3783 dialogos
817 3692 873 3761 alii
899 3713 967 3762 norr
994 3698 1122 3759 tantum
1152 3689 1303 3772 nomine,
1335 3688 1395 3758 sed

315 3807 416 3876 etiam
439 3829 474 3878 re
501 3808 574 3899 ipsa
597 3807 716 3898 dialogi
738 3806 883 3897 reputari
903 3803 1041 3884 debeut;
1070 3804 1125 3873 alii
1143 3803 1223 3873 nibil
1245 3801 1313 3873 lero
1333 3802 1396 3871 nisi

313 3941 437 3992 nornen
471 3922 678 4013 dialogorum
711 3921 849 4001 babent;
891 3938 1033 4011 quorum
1064 3920 1239 3989 maximam
1268 3924 1395 4008 partem

346 4185 382 4250 (ll
398 4186 508 4247 Charon,
527 4188 565 4237 tn.

347 4277 381 4342 (2)
393 4280 522 4344 Cataplus,
540 4283 623 4331 14-18.
