3425 5167
722 556 725 562 ·
816 561 856 575 -
880 532 917 595 tt
939 563 979 579 -

358 680 419 753 ego
435 628 602 752 lapidibus
618 661 810 733 obruendus
828 681 919 744 sum,
942 664 969 731 si
985 662 1088 732 miror
1103 681 1170 753 quo
1191 660 1234 751 (t)
1250 663 1325 753 jnre
1343 664 1438 754 quis-

358 797 424 867 que
440 777 584 866 populns
600 776 688 846 hunc
701 785 758 846 aut
776 776 870 846 illum
891 756 997 847 Deum
1020 777 1117 867 quasi
1137 779 1308 867 proprium
1328 786 1361 847 et
1380 797 1439 867 pe-

358 893 515 964 culiarem
542 892 606 963 sibi
636 891 805 975 vindicet,
839 913 905 983 qua
935 911 1032 963 cansa
1065 893 1199 982 impulsi
1232 875 1435 975 Praxiteles,

357 1006 488 1077 Phidias
514 1014 548 1076 et
570 1006 755 1096 Polycletus
785 1004 854 1092 (ubi
879 1008 969 1076 enim
997 1010 1084 1076 Deos
1115 1006 1274 1087 viderint,
1305 1007 1346 1076 ab
1374 1007 1439 1075 illis

358 1119 500 1210 libenter
517 1120 601 1189 scire
616 1120 725 1205 velim)
743 1120 841 1190 nobis
862 1119 1019 1211 effingant
1033 1126 1151 1191 iorem
1167 1139 1300 1210 semper
1318 1122 1439 1192 barba·
1471 1106 1474 1111 ¹

278 1225 280 1229 ’
359 1244 447 1317 tum,
474 1235 660 1325 Apollinem
681 1255 815 1325 semper
844 1236 1049 1316 imberbem,
1080 1236 1277 1307 Mercurium
1307 1256 1441 1326 semper

358 1351 613 1439 pubescentem,
645 1371 702 1420 cur
727 1354 880 1441 Neptuno
909 1351 1083 1435 caeruleam
1107 1370 1251 1431 comam,
1286 1352 1439 1420 Minervae

359 1466 475 1537 caesios
490 1467 606 1536 oculos
622 1467 789 1538 tribuenti
801 1471 886 1537 Num
900 1466 1110 1550 errecratione
1123 1466 1258 1556 dignus,
1276 1466 1303 1535 si
1316 1467 1441 1537 irascor

348 1580 494 1669 ¹Scythas
511 1579 569 1669 (2),
593 1580 672 1649 alias
689 1580 838 1651 victimas
859 1588 1063 1670 aspernatos,
1080 1569 1232 1650 homines
1245 1581 1436 1664 immolare,

360 1694 560 1765 siridiculas
576 1695 800 1784 AEgyptiorum
814 1696 1020 1766 caerimonias
1038 1704 1071 1765 et
1091 1703 1283 1785 portentosa
1302 1694 1440 1764 numina

361 1808 487 1879 illudet
515 1813 621 1892 Quam
650 1810 730 1878 mihi
762 1829 865 1899 posco
891 1810 1039 1891 veniam,
1071 1829 1109 1879 ea
1135 1809 1249 1879 multis
1268 1807 1340 1877 aliis
1364 1817 1440 1878 ente

361 1922 439 1993 data
457 1932 519 1993 est.
537 1929 584 1993 tn
597 1923 706 2013 potuit
719 1924 997 2013 philosophorum
1011 1926 1181 2013 princeps,
1198 1923 1306 2004 Plato,
1323 1931 1439 2012 poetas

346 2058 382 2140 ⁴e
400 2039 571 2130 republica
594 2051 658 2109 sna
674 2040 856 2129 erpellere,
877 2040 966 2130 quod
982 2040 1086 2109 multa
1107 2039 1148 2109 de
1168 2039 1231 2108 diis
1255 2038 1335 2107 salsa
1353 2037 1441 2106 indi·

360 2174 492 2245 gneque
518 2155 737 2243 praedicerent
754 2155 910 2245 vulgique
929 2155 1047 2239 animis
1060 2174 1176 2244 pravas
1192 2154 1368 2244 opiniones
1387 2154 1441 2222 in-

360 2278 527 2350 sererent,
559 2289 620 2359 ego
646 2289 714 2340 non
742 2278 860 2359 potero
889 2289 1004 2341 eorum
1034 2270 1203 2340 fabulosas
1234 2262 1440 2338 narrationes

361 2382 532 2461 insectari,
554 2382 701 2452 absurda
717 2391 906 2453 commenta
921 2383 1107 2472 exagitaret
1128 2405 1146 2449 »

405 2497 452 2566 nd
464 2496 528 2566 hoc
544 2495 626 2585 quid
642 2496 772 2586 Baylins
786 2497 988 2586 respondere
1004 2505 1128 2585 posset,
1146 2516 1213 2566 non
1230 2497 1310 2567 satis
1325 2496 1439 2580 video;
1535 2587 1536 2590 Ἴ

362 2592 422 2680 sed
453 2609 535 2678 illud
563 2608 687 2679 crimen
716 2608 883 2680 difficilius
914 2620 1067 2699 purgaret
1096 2611 1259 2681 Lucienus
1288 2611 1378 2702 quod
1409 2619 1442 2679 et

361 2743 475 2794 verum
492 2727 595 2792 [lenm
610 2724 802 2805 insectatur,
821 2744 931 2814 neque
942 2724 1051 2794 solum
1069 2724 1299 2794 salsannmina
1311 2743 1443 2814 supers-

363 2838 582 2930 titionemque
612 2840 672 2910 sed
703 2839 803 2909 etiam
838 2859 972 2911 omnem
1004 2840 1272 2931 providentiam,
1308 2858 1442 2935 omnem
1541 2914 1548 2932 p

362 2951 555 3041 religionem
572 2952 709 3023 omnino
722 2954 828 3033 tollit,
851 2955 941 3043 quod
957 2954 1143 3024 animorum
1158 2954 1442 3024 immortalitatem
1505 2986 1507 2991 ¹
1533 2941 1537 2952 ’

362 3084 422 3155 pro
449 3065 553 3135 nihilo
578 3066 669 3136 ducit
695 3086 880 3158 omnesque
907 3068 948 3138 de
975 3068 1077 3138 altera
1100 3077 1176 3158 post
1203 3076 1347 3138 mortem
1365 3069 1444 3138 ,rite

341 3198 537 3252 sermones
552 3179 695 3251 anilibus
718 3180 848 3252 labellis
869 3183 1085 3272 contemptim
1112 3192 1320 3255 annumerat.
1348 3185 1443 3255 Haud
1532 3225 1539 3245 ·

364 3294 520 3385 equidem
538 3294 653 3384 ignoro
673 3294 870 3366 haecomnia
889 3296 984 3366 illum
1003 3298 1119 3386 iocose
1138 3298 1301 3368 disserere
1320 3305 1353 3369 et
1370 3306 1442 3367 tum

376 3412 501 3479 nJoue
518 3407 722 3498 confutato,
743 3418 813 3480 tum
827 3411 862 3480 in
879 3414 965 3481 Jooe
983 3410 1142 3498 leoperto
1157 3412 1215 3498 (sic
1228 3412 1316 3481 enim
1329 3413 1442 3482 inscri-

364 3524 490 3618 buntur
506 3525 629 3617 dialogi
646 3526 768 3617 quibus
784 3527 1028 3597 Providentiam
1041 3527 1186 3599 manime
1200 3530 1380 3618 oppugnat)
1400 3528 1442 3598 ad

363 3644 508 3710 Deorum
524 3641 639 3731 quales
656 3649 765 3731 poetae
781 3648 815 3712 et
828 3642 919 3731 vulgi
935 3642 1112 3731 opiniones
1126 3643 1309 3734 fingebant,
1328 3642 1443 3714 condi-

365 3752 541 3827 tionemet
563 3756 791 3828 auctoritatem
811 3756 1028 3859 deridendam
1050 3760 1161 3849 potius
1178 3758 1337 3849 quemad
1362 3758 1442 3848 Epi-

364 3870 432 3942 curi
450 3871 633 3943 doctrinam
648 3872 735 3943 serio
754 3872 1014 3947 confirmandam
1031 3872 1238 3945 incumbere.
1260 3873 1441 3946 Fatendum

398 4126 434 4194 (l)
449 4130 484 4179 lte
498 4130 599 4189 Seeril„
616 4133 655 4180 11.

400 4216 436 4282 (2)
451 4218 485 4268 De
499 4217 659 4279 Sacrii.,l³.
782 4277 786 4287 ,
