3425 5167
789 518 948 577 ..73-

326 648 466 739 aliquis,
495 667 568 737 quae
589 648 706 731 edant,
727 669 824 740 quam
847 662 1210 735 venerem-exerceant,
1233 665 1271 725 ut
1290 658 1404 728 sordes

327 763 500 853 delingant
519 750 717 835 obolorum?
740 766 975 837 Gravissimum
998 788 1076 838 vero
1101 769 1165 839 hoc
1184 772 1332 841 omnium
1355 783 1405 844 est

325 878 430 969 quod,
453 880 578 949 nullam
599 880 663 969 ipsi
685 900 794 970 neque
814 901 1024 953 communem
1046 902 1116 953 rem
1130 904 1239 975 neque
1260 906 1353 955 suam
1371 888 1404 957 in

325 994 478 1063 medium
508 994 739 1076 conserentes,
762 995 977 1067 sedinutiles
998 1004 1032 1067 et
1060 1000 1310 1088 supervacanei,

466 1267 519 1317 Non
534 1266 634 1319 habiles
647 1269 725 1329 bello,
741 1285 792 1321 non
808 1271 1013 1323 consultantibus
1028 1272 1092 1337 apti,

323 1530 436 1591 tamen
451 1528 607 1592 accusant
622 1519 780 1612 reliquos,
799 1527 832 1589 et
844 1518 1056 1589 sermonibus
1075 1520 1403 1612 quibusdamamaris
1496 1524 1501 1530 '
1527 1500 1530 1505 ’

324 1637 502 1727 congestis
526 1635 702 1706 maledicta
729 1634 882 1724 quaedam
911 1634 1075 1717 meditati,
1106 1617 1277 1725 increpant
1298 1644 1330 1706 et
1350 1657 1405 1706 re-

325 1754 537 1846 prehendunt
552 1754 648 1836 alios,
667 1760 766 1842 atque
779 1751 834 1821 ille
853 1751 938 1820 inter
958 1750 1049 1839 ipsos
1070 1748 1154 1818 lerre
1171 1754 1292 1839 primas
1312 1751 1403 1822 vide-

327 1879 388 1953 tur,
412 1870 469 1959 qui
489 1878 522 1938 et
540 1868 769 1938 vocalissimus
794 1875 827 1936 et
852 1864 1162 1958 impudentissimus
1182 1874 1215 1936 et
1238 1866 1279 1935 ad
1300 1867 1403 1936 male·
1458 1952 1467 1959 ο

325 1985 410 2054 dicta
433 1982 685 2053 audacissimus.
706 1982 812 2073 Atqui,
828 1982 855 2051 si
874 2002 950 2051 eum
972 1981 1029 2071 qui
1046 1981 1216 2051 contendit
1232 1990 1264 2051 et
1284 1981 1402 2051 elamat

325 2108 358 2169 et
373 2111 507 2171 accusat
525 2099 619 2181 alios,
637 2100 820 2190 interroges
838 2123 845 2167 :
866 2104 913 2166 Tu
940 2116 1017 2166 vero
1036 2097 1115 2189 quid
1135 2098 1225 2187 agis?
1246 2106 1302 2167 aul
1321 2099 1401 2189 qnid

325 2225 356 2286 te
372 2215 533 2296 dicamus,
554 2214 606 2284 dio
620 2234 680 2305 per
690 2220 787 2297 Deos,
802 2213 847 2309 ad
861 2215 959 2283 vitam
972 2214 1141 2284 conferret
1156 2214 1243 2284 dicat
1258 2235 1353 2296 sane,
1373 2215 1401 2284 si

320 2330 410 2420 justa
433 2330 513 2398 velit
536 2337 569 2399 et
595 2348 672 2399 vera
697 2328 834 2399 dicere:
862 2328 1018 2417 Navigare
1043 2328 1195 2419 quidem,
1213 2338 1269 2398 ant
1286 2348 1400 2419 agrum

324 2444 443 2525 colere,
466 2453 523 2513 aut
541 2443 697 2527 militare,
716 2452 771 2512 aul
790 2451 895 2512 artem
910 2441 1090 2532 quamlibet
1108 2451 1264 2536 tractare,
1282 2463 1401 2534 supcr-

322 2560 425 2629 lluum
439 2558 521 2628 mihi
533 2558 684 2628 uidetur:
713 2557 771 2627 sed
790 2558 907 2637 clamo,
926 2566 960 2627 et
970 2547 1118 2647 squaleo,
1132 2566 1166 2628 et
1174 2558 1289 2655 frigida
1298 2558 1397 2643 lanor,

323 2685 355 2745 et
368 2676 468 2748 nudis
481 2676 626 2766 pellibus
639 2696 698 2766 per
715 2675 860 2745 hiemem
880 2674 1060 2757 circumeo,
1084 2682 1131 2754 el,
1150 2673 1240 2742 velut
1254 2677 1396 2756 domus,

321 2794 394 2881 quae
407 2792 448 2860 ab
462 2791 533 2860 aliis
546 2790 644 2871 fiunt,
663 2810 702 2859 ea
718 2789 911 2860 calumnior.
928 2795 983 2865 ut,
1001 2788 1029 2857 si
1047 2787 1122 2877 quis
1137 2788 1273 2857 divitum
1288 2808 1401 2877 sump-

321 2915 417 2976 tuose
444 2907 633 2988 obsonanit,
662 2916 719 2976 aut
744 2904 952 2975 meretricem
985 2905 1101 2983 habet,
1134 2904 1175 2973 de
1202 2904 1265 2973 hoo
1285 2904 1397 2975 laboro

321 3030 419 3111 atque
443 3021 618 3111 indignor:
641 3021 668 3089 si
691 3039 768 3091 vero
790 3019 972 3089 amicorum
1001 3018 1120 3109 aliquis
1135 3029 1205 3089 ‘aut
1232 3020 1398 3090 sodalium

320 3133 502 3216 decumbit,
517 3142 672 3224 aegrotus
688 3133 810 3203 auxilio
827 3143 860 3203 et
874 3133 1042 3203 curatione
1055 3133 1217 3223 indigens,
1234 3135 1361 3225 ignoro.
1380 3162 1396 3197 u

318 3251 409 3317 llano
430 3247 591 3317 habemus
617 3247 758 3337 effigiem
781 3247 825 3315 ita
846 3249 991 3337 plenam,
1012 3249 1191 3319 utnullnm
1213 3249 1399 3319 lineamen-

252 3414 255 3420 .
317 3368 386 3429 tum
399 3360 475 3431 addi
491 3362 607 3451 possit,
627 3362 673 3429 ita
688 3361 807 3445 laetam,
827 3369 865 3432 ut
881 3360 963 3429 nibil
977 3361 1126 3432 festivius
1141 3362 1196 3444 sit,
1214 3364 1260 3432 ita
1274 3382 1395 3442 veram,

317 3485 353 3544 ut
366 3475 584 3565 philosophos
601 3495 676 3545 eum
689 3474 801 3545 barbis
817 3484 850 3545 et
864 3474 984 3544 vestitu
994 3476 1199 3559 incedentes,
1214 3474 1327 3544 habitu
1338 3476 1398 3545 vir-

317 3600 422 3661 tulem
440 3592 651 3674 simulantes,
676 3592 769 3662 laetis
787 3592 979 3681 prodentes
1009 3594 1042 3662 in
1061 3592 1194 3682 publico
1221 3592 1397 3681 probitatis

316 3727 491 3796 personam
521 3708 709 3787 induentes
733 3706 765 3772 in
787 3713 914 3775 secreto
944 3704 1152 3796 deponentes
1172 3706 1268 3775 nobis
1283 3706 1396 3777 videre

314 3824 496 3894 videamur.

357 3935 1392 4028 Innumerabilialerealiaejusmodiexemplaallerrepossem;

312 4074 445 4142 possem
461 4072 721 4132 cornrrremorare
739 4052 908 4141 quomodo
924 4050 964 4120 ad
980 4054 1088 4122 vivum
1109 4054 1309 4143 expresserit
1327 4058 1391 4121 Lu-

313 4171 428 4239 oianus
444 4180 592 4240 sutorem
611 4170 773 4259 Micyllum
788 4169 864 4238 late
882 4188 900 4238 e
915 4168 980 4239 vila
996 4167 1174 4243 exeuntem
1191 4171 1231 4240 ad
1250 4172 1393 4260 primum
