3425 5167
830 556 992 616 -58-

374 694 442 763 curi
463 692 511 782 (l)
545 700 742 764 sectatorem
764 716 771 761 :
791 692 836 760 ite
864 689 1087 781 perspicuam·
1103 688 1236 760 allectat
1265 687 1452 758 orationem

375 816 409 876 ut
429 809 484 877 lux
500 808 573 897 ipsa
589 827 655 878 non
675 808 793 878 clarior
811 805 871 888 sit;
893 804 1038 895 denique
1055 804 1225 887 rhetorum
1250 802 1453 891 discipulum

375 929 408 990 et
424 940 501 990 eunr
517 921 652 1011 quidem
672 921 728 1011 qui
752 920 885 989 illorum
908 927 1074 1009 praecepta
1094 937 1160 987 non
1182 925 1309 1003 tentum
1330 917 1453 1006 cogite-

374 1031 1453 1125 tionecomprehenderit,memoriatenuerit,secllectiserplicue-

375 1154 416 1223 rit
430 1161 462 1223 et
477 1153 518 1222 ad
536 1172 633 1222 usurn
645 1151 851 1221 transtulerit
866 1173 872 1219 :
888 1150 1046 1220 vilissima
1060 1148 1100 1237 (2)
1116 1149 1249 1219 laudare
1267 1147 1453 1237 aggreditur

288 1266 290 1274 ’
374 1269 506 1360 quesivi
523 1267 683 1337 orationis
700 1265 743 1353 (id
760 1267 849 1336 enirn
864 1266 1105 1358 profitebantur
1117 1265 1277 1352 rhetores]
1292 1272 1452 1353 etnragna

372 1384 515 1464 elevare,
546 1390 579 1451 et
598 1402 697 1471 parva
718 1401 838 1471 augere
860 1389 991 1471 posset;
1017 1381 1051 1449 in
1069 1388 1245 1476 utramque
1262 1377 1309 1467 (3)
1324 1386 1452 1467 partem

372 1516 438 1566 non
454 1516 527 1565 raro
548 1496 699 1575 disserit3
721 1494 1026 1585 comparationibus
1045 1492 1204 1563 abundat.
1220 1496 1258 1560 ln
1279 1511 1451 1581 compara-

372 1610 520 1681 tionibus
539 1611 691 1695 nimium
715 1631 790 1682 esse
814 1612 1012 1690 Lucienurn,
1040 1628 1155 1691 uerno,
1186 1608 1300 1690 eredo,
1330 1608 1454 1677 infitia-

301 1783 306 1789 .
372 1724 484 1796 liitur:
505 1726 612 1796 sedin
630 1727 780 1797 rhetoras
798 1734 832 1796 et
850 1728 1047 1796 rhetoricam
1070 1727 1194 1795 crimen
1217 1724 1453 1795 conserendum

373 1864 447 1914 esse
461 1844 613 1929 nonnulli
625 1845 767 1915 lortasse
782 1845 998 1926 dubitabunt;
1014 1844 1095 1914 nihil
1108 1853 1218 1914 lernen
1238 1844 1363 1925 verius,
1379 1864 1452 1915 nreo

371 1962 508 2053 quidern
538 1963 676 2052 indicio.
709 1962 854 2052 Agedum
882 1985 888 2029 z
916 1962 957 2030 ad
988 1960 1077 2050 quod
1110 1960 1312 2051 eloquentiae
1349 1980 1453 2049 genus

328 2086 342 2107 '
371 2078 582 2169 potissimum
603 2098 677 2148 sese
696 2078 853 2168 applicuit
870 2078 1053 2148 Lucienus?
1071 2077 1119 2145 ild
1135 2069 1450 2160 demonstrativum,

370 2213 487 2263 ornnes
513 2193 778 2282 respondebunt.
808 2192 895 2262 Huic
922 2200 1034 2261 autern
1060 2191 1174 2282 generi
1198 2211 1298 2262 uerno
1324 2191 1454 2281 ignorat
1482 2175 1485 2178 ⁵

371 2316 542 2398 quantam,
566 2327 632 2376 non
653 2306 726 2376 dico
743 2297 943 2388 libertatern,
963 2307 1022 2378 sed
1036 2308 1204 2377 licentiam
1222 2314 1350 2376 ueteres
1371 2326 1452 2375 con-

372 2424 538 2492 cederent.
559 2421 644 2491 lllud
666 2421 783 2491 omitto
810 2421 900 2512 quod
922 2421 1010 2510 apud
1034 2427 1182 2501 Graecos,
1207 2421 1233 2490 si
1260 2421 1335 2511 quis
1363 2422 1453 2490 viros

370 2537 404 2605 in
424 2536 493 2605 acie
513 2555 617 2605 caesos
632 2534 801 2618 laudabat,
825 2536 866 2606 de
887 2536 952 2604 illis
970 2544 1026 2605 aut
1052 2535 1121 2606 lere
1140 2536 1231 2605 nulla
1247 2543 1303 2604 aut
1320 2536 1453 2625 paucis-

371 2654 453 2723 sima
480 2652 627 2735 dicebat,
645 2652 689 2722 de
716 2653 847 2730 illorum
871 2651 976 2742 patria
996 2660 1029 2721 et
1049 2650 1231 2741 majoribus
1257 2650 1453 2739 longissima

371 2767 680 2837 commemorabat:
707 2766 740 2836 id
767 2768 854 2837 eninr
877 2766 1016 2836 sortasse
1041 2764 1193 2855 exigebat
1217 2784 1289 2833 uros
1311 2766 1453 2855 popula-

372 2884 456 2951 riern
486 2884 652 2953 civitatum
682 2883 738 2953 ubi
768 2885 914 2973 optimus
943 2883 1084 2974 quisque
1112 2890 1144 2952 et
1168 2882 1452 2952 eminentissimus

373 2999 460 3088 vulgi
476 2978 687 3068 invidiam'in
706 3020 742 3069 se
761 3000 966 3079 concitahet3
987 2998 1031 3066 ita
1055 2997 1173 3066 saltem
1192 2997 1453 3087 interpretantur

372 3113 429 3200 qui
443 3112 485 3181 de
498 3112 559 3181 lrac
573 3133 609 3181 re
621 3114 775 3183 subtilius
789 3122 957 3205 quaerunt;
974 3132 1165 3203 quanquam
1182 3114 1247 3182 tale
1260 3113 1450 3184 institutum

372 3225 559 3296 oratoribus
571 3227 664 3296 valde
678 3217 889 3297 commodum
906 3235 986 3310 erat,
1004 3234 1216 3318 paratamque
1234 3235 1268 3297 et
1280 3228 1463 3315 copiosam

372 3340 503 3410 dicendi
528 3342 857 3437 materiarnsenrper
884 3339 1132 3431 suppeditabat.
1163 3341 1228 3411 Sed
1254 3342 1334 3432 quid
1361 3343 1452 3432 quod

370 3453 598 3535 Quintilianus,
615 3455 694 3523 alias
715 3454 946 3524 severissimus
957 3453 1074 3543 judex,
1094 3453 1297 3542 asperrimus
1314 3472 1444 3538 censor,

372 3585 445 3635 curn
462 3585 583 3655 genere
598 3568 856 3638 demonstrativo
873 3566 981 3635 lenius
995 3566 1060 3655 agit
1073 3586 1110 3635 ac
1126 3567 1319 3635 remissius?
1335 3569 1451 3657 Operae

371 3680 514 3770 pretium
547 3692 597 3751 est
621 3682 694 3773 ipsa
721 3684 793 3772 eJ'us
822 3682 923 3753 rerba
949 3681 1064 3751 afferre
1088 3680 1130 3771 (l)
1156 3706 1162 3751 :
1192 3706 1209 3749 «
1237 3684 1323 3754 Illud
1346 3703 1452 3774 genus

371 3796 595 3866 ostentatione
618 3799 855 3888 cornpositnrn,
888 3798 992 3866 solaru
1022 3795 1102 3886 petit
1129 3796 1336 3868 audientium
1361 3800 1453 3869 volu-

363 3994 366 3996 ’
405 3989 440 4055 (1)
456 3990 518 4041 Vide
531 3989 609 4050 infra,
626 4005 651 4053 p.
668 3993 700 4039 64
715 3999 739 4040 et
753 4005 808 4055 seq.

406 4084 438 4144 (2)
454 4082 602 4133 lincomium
616 4084 716 4133 lluscae.
731 4084 914 4143 -Parasitus,
929 4093 976 4135 etc.

406 4174 439 4241 (3)
455 4178 497 4226 Bis
511 4184 621 4227 accusat.
637 4206 667 4215 -
683 4178 805 4228 Piscator.
819 4204 850 4215 -
866 4180 901 4228 Ilc
915 4180 1002 4229 Domo.

404 4264 439 4332 (4)
451 4268 518 4319 Inst.
534 4275 611 4328 orat„
634 4268 709 4327 VIII,
723 4274 749 4329 3,
765 4272 804 4328 ll,
822 4273 860 4320 12.
