3425 5167
776 545 937 605 ..39-

316 678 465 759 tradant,
487 697 598 747 rerum
618 677 719 768 potiri
739 672 913 759 conantur,
942 680 1109 770 nullisque
1129 681 1394 770 impedimentis,

315 793 416 863 nullis
436 794 612 884 periculis,
641 795 741 863 nullis
767 795 895 885 legibus
917 796 1071 865 humanis
1094 806 1126 866 et
1154 798 1273 868 divinis
1294 800 1399 870 deter-

315 916 429 976 rentur
448 908 529 998 quin
543 909 759 978 ambitionem
777 911 893 999 quovis
909 918 1004 1000 pacto
1020 912 1184 1001 expleant.
1199 914 1272 995 titt,
1287 916 1397 1003 neque

315 1020 339 1088 ii
354 1023 551 1111 pauciores,
574 1041 687 1092 secum
708 1023 871 1093 immensa
886 1033 1087 1093 armatorum
1105 1027 1236 1115 agmina
1249 1027 1393 1109 trahunt,

316 1144 421 1207 terras
447 1137 514 1226 igni
543 1136 697 1226 lauroque
721 1148 849 1207 vastant
875 1148 909 1207 ut
937 1139 1057 1207 lamam
1088 1140 1187 1208 unius
1216 1141 1396 1209 multorum

315 1252 476 1341 sanguine
495 1260 623 1332 emant;
649 1252 704 1320 alii
723 1254 868 1342 denique
895 1254 1046 1336 vestitus,
1071 1255 1237 1337 incessus,
1265 1255 1397 1325 babitus

316 1367 548 1455 sermonisque
567 1368 781 1436 insolentiam
800 1370 976 1458 quamdam
997 1390 1063 1459 prae
1089 1389 1124 1438 se
1147 1370 1274 1451 lerunt;
1307 1372 1397 1461 quod

316 1482 432 1570 uulgus
450 1481 608 1571 despicit,
629 1493 843 1564 venerantur,
865 1484 955 1574 quod
973 1492 1167 1565 veneratur,
1190 1485 1393 1574 despiciunt,

316 1597 447 1667 diuitias
466 1598 592 1668 scilicet
610 1600 796 1688 voluptates
811 1599 1062 1689 praesertimque
1078 1599 1227 1689 gloriam,
1244 1600 1304 1670 sed
1324 1621 1396 1670 earn

315 1715 347 1783 in
376 1734 416 1784 eo
443 1714 517 1803 ipso
548 1712 703 1783 affectant
730 1715 820 1805 quod
851 1722 1064 1785 contemnere
1093 1715 1258 1787 videntur.
1292 1719 1396 1787 Astnti

317 1832 405 1899 enim
430 1839 463 1900 et
485 1831 594 1900 callidi
616 1851 683 1900 non
706 1834 859 1922 ignorant
879 1832 988 1899 omnia
1016 1851 1088 1920 quae
1118 1814 1393 1914 extraordinaria,

317 1953 450 2014 novaet
465 1946 623 2015 inusitata
637 1949 719 2026 sint,
736 1947 825 2036 uulgi
841 1946 957 2015 oculos
971 1946 1192 2035 perstringere
1209 1948 1397 2040 etadrnira-

316 2062 441 2132 tionem
469 2082 602 2132 movere
620 2063 676 2152 (l).
702 2069 757 2144 nt,
780 2083 855 2131 meo
876 2062 1013 2151 quidem
1034 2061 1178 2150 judicio,
1200 2082 1266 2132 non
1286 2064 1396 2133 minus

317 2179 429 2267 gloriae
445 2178 584 2268 cupidus
598 2178 659 2247 luit
675 2180 840 2266 Diogenes
860 2199 959 2269 quam
975 2177 1169 2259 Alexander,
1187 2180 1394 2269 quiquidem

315 2294 348 2363 id
370 2294 473 2385 probe
490 2295 652 2364 intellexit
669 2317 675 2362 :
696 2316 783 2375 narn,
803 2314 905 2383 quum
920 2294 1012 2362 illurn
1028 2293 1139 2362 omnia
1154 2298 1299 2383 superbe
1317 2295 1394 2363 des-

317 2403 494 2500 picientem
524 2411 676 2490 vidisset,
701 2430 879 2481 conversus
901 2410 942 2478 ad
963 2411 1111 2479 amicos:
1132 2432 1150 2475 «
1166 2411 1244 2491 nisi,
1268 2412 1389 2501 inquit,

270 2569 276 2576 -
316 2525 499 2595 Alexander
525 2546 651 2608 essem,
678 2526 841 2615 Diogenes
863 2527 1082 2600 essevellem.
1103 2550 1120 2592 »
1141 2528 1233 2596 Idem
1260 2546 1394 2617 quoque

316 2640 479 2710 sentiebat
508 2643 619 2721 Plato,
651 2642 707 2731 qui
735 2662 754 2707 a
781 2643 929 2729 Diogene
950 2641 992 2710 ob
1019 2642 1141 2710 tastum
1165 2642 1393 2730 reprehensus

316 2757 488 2845 respondit
516 2776 551 2825 se
585 2776 650 2825 non
674 2757 838 2826 minorem
862 2754 984 2823 fastum
1011 2755 1170 2823 subtrito
1200 2764 1232 2822 et
1258 2755 1394 2825 sordido

317 2873 469 2961 Diogenis
487 2871 622 2962 palliolo
637 2872 760 2940 videre.
779 2875 940 2939 Ceterum
961 2890 1001 2938 ne
1021 2870 1186 2957 Diogenes
1204 2869 1341 2959 quidem
1361 2870 1394 2939 id

317 2987 563 3067 dissimulabat,
585 2988 652 3056 imo
673 3007 749 3056 vero
765 2988 882 3076 Cynica
899 2985 1066 3065 libertate,
1084 3003 1126 3052 ne
1142 2984 1266 3063 dicam,
1290 2985 1395 3072 impu-

316 3106 443 3196 dentia,
462 3106 541 3196 quid
557 3106 694 3173 sentiret
712 3112 824 3193 aperte
843 3103 1043 3181 declarabat,
1062 3101 1183 3170 cumei
1200 3085 1400 3190 praeciperet,

316 3224 371 3313 qui
390 3222 526 3311 gloriam
539 3222 637 3292 vellet
651 3222 803 3310 adispici,
818 3229 855 3289 ut
865 3220 952 3287 illam
966 3220 1139 3307 despicere
1150 3217 1320 3286 simularet
1336 3216 1391 3305 (a).

329 3380 335 3385 -
359 3336 454 3420 Quod
474 3345 676 3426 praeceptum
705 3335 847 3423 magistri
871 3334 957 3402 bene
983 3340 1161 3412 tenuerunt
1186 3331 1338 3420 discipuli
1361 3340 1393 3399 et

315 3455 394 3523 nibil
412 3472 558 3542 unquam
575 3454 904 3541 praetermiseruntut
918 3451 1044 3539 auulgo
1057 3450 1118 3517 soli
1131 3447 1390 3535 suspicerentur.

314 3570 497 3639 Praesertim
508 3579 619 3638 autem
635 3567 767 3638 Luciani
780 3576 929 3654 tempore
944 3566 1065 3655 Cynici,
1078 3563 1172 3655 quasi
1184 3562 1311 3643 morbo,
1323 3562 1393 3651 glo-

314 3688 369 3755 riae
381 3706 494 3756 amore
506 3686 710 3755 laborabant.
725 3688 978 3764 Quorumunus
988 3676 1233 3769 Peregrinus(3)
1245 3677 1389 3758 nomine,

316 3823 417 3892 quum
430 3805 497 3893 jam
511 3793 627 3873 omnes
640 3802 691 3870 sni
704 3798 892 3869 ostentandi
906 3798 1159 3866 causarationes
1171 3793 1390 3870 adhibuisset,

316 3919 347 3986 in
361 3920 509 3987 animum
523 3918 648 3987 inducit
662 3917 772 3987 coram
787 3915 943 3985 omnibus
961 3913 1083 3983 Herodi
1102 3911 1233 3995 cuidam
1252 3908 1393 3979 maledi-

345 4088 381 4152 (ll
402 4089 499 4137 Gallus.

346 4177 382 4245 (2)
397 4179 445 4228 Pro
462 4180 554 4241 lmag,
575 4182 612 4229 18.

348 4271 383 4337 [3)
401 4271 528 4333 Peregrin.
