3425 5167
370 800 475 936 lull
523 797 707 917 donicis
747 797 948 915 deluerit
993 796 1223 952 lucianus.

798 1063 956 1127 Μισαλαζών
971 1062 1022 1137 εἰμι
1037 1063 1081 1115 καὶ
1096 1060 1279 1134 μισογόηοκαὶ

796 1139 953 1217 μισοψευδὴς
973 1144 1018 1196 καὶ
1037 1140 1179 1215 μισότυφος
1197 1140 1241 1194 καὶ

801 1221 940 1295 φιλαληθής
954 1222 997 1275 aa!
1012 1220 1148 1295 φιλόκαλος
1162 1222 1207 1275 καὶ

800 1298 979 1375 οιλαπλοίκός.

1030 1374 1172 1434 (Prscaron,
1189 1373 1241 1440 20.)

803 1592 808 1600 s

631 1927 974 2013 PROOEMIUM.

432 2251 602 2265 ...........
622 2215 729 2272 Quidam
745 2215 869 2265 comoedia
885 2226 989 2274 nec-ne,
1002 2228 1093 2279 poema

431 2307 515 2366 Esset,
532 2308 672 2370 quaesivere
689 2322 696 2354 ι

312 2456 383 2524 haec
403 2454 536 2525 Flaccus
559 2457 602 2545 (l)
626 2458 667 2526 de
694 2456 871 2537 comoedia,
899 2456 1016 2527 eadem
1042 2456 1110 2526 lere
1131 2456 1257 2526 Tullius
1277 2454 1343 2545 (2);
1399 2465 1402 2470 '

269 2565 329 2633 sed
355 2572 472 2635 neuter
506 2564 646 2634 alienam
675 2567 875 2635 sententiam
907 2585 1001 2635 suam
1034 2566 1158 2647 lacere,
1194 2567 1344 2655 quamvis

269 2696 343 2747 eam
371 2678 504 2747 Flaccus
536 2677 640 2746 sosius
668 2677 905 2767 copiosiusque
941 2677 1082 2776 explicet
1103 2686 1136 2747 et
1162 2677 1342 2748 defendere

268 2791 432 2872 videatur,
461 2798 579 2861 neuter
602 2791 799 2861 comoediam
824 2810 944 2881 poema
967 2811 1041 2861 esse
1066 2792 1201 2860 omnino
1224 2810 1346 2880 negare

270 2907 380 2975 audet.
397 2907 474 2975 Plus
493 2905 616 2976 audere
637 2926 737 2996 quam
755 2906 937 2977 doctissimi
953 2908 1271 2997 prudentissimique
1289 2908 1349 2976 viri

271 3019 342 3090 ausi
364 3026 452 3099 sunt,
479 3020 562 3088 ratio
580 3021 653 3110 ipsa
668 3028 757 3089 vetat
776 3042 782 3088 :
800 3039 867 3089 non
890 3029 979 3090 vetat
1001 3021 1160 3091 cumillis
1185 3021 1349 3102 affirmare

272 3133 468 3204 comoediam
491 3134 684 3233 qqotidiano
709 3136 854 3221 sermoni
876 3137 1076 3206 simillimam
1101 3157 1187 3208 esse.
1207 3136 1349 3206 Proinde

274 3269 349 3319 cum
374 3269 414 3319 ex
440 3252 596 3320 omnibus
620 3253 729 3340 poetis
754 3251 870 3321 comici
900 3259 933 3320 et
961 3252 1111 3342 proxime
1140 3252 1181 3321 ad
1208 3253 1349 3322 solutam

271 3365 456 3437 orationem
486 3365 644 3436 accedant
677 3375 710 3436 et
739 3374 899 3456 praeterea
930 3366 1060 3457 dialogo
1088 3376 1239 3448 utantur,
1269 3365 1351 3435 nihil

271 3477 391 3547 mirum
415 3478 443 3546 si
467 3498 525 3548 eos
540 3478 751 3568 potissimum
774 3478 838 3548 sihi
863 3479 1036 3568 pronosuit
1056 3479 1233 3548 imitandos
1255 3480 1352 3568 quis-

274 3590 351 3679 quis
378 3591 487 3661 soluta
514 3594 664 3663 oratione
695 3593 844 3683 dialogos
872 3594 1017 3683 scripsit.
1052 3592 1210 3663 Videmus
1238 3579 1351 3681 itaque

270 3704 442 3774 Platonem
459 3704 664 3797 (quanquam
678 3707 768 3777 haud
782 3708 900 3796 ignoro
912 3708 1051 3797 hujusce
1061 3706 1109 3775 rei
1124 3705 1204 3775 alias
1217 3723 1352 3796 quoque

273 3837 390 3888 causas
405 3818 513 3889 afferri
532 3823 642 3910 posse)
664 3821 768 3891 multa
786 3839 973 3912 magnaque
994 3821 1035 3892 ab
1056 3820 1254 3910 Epicharmo
1277 3838 1353 3887 mu-

308 4055 346 4131 (1)
362 4063 438 4113 satir.
451 4063 476 4123 1,
491 4066 522 4123 u,
537 4065 579 4113 ιο.

307 4154 344 4219 (2)
362 4154 465 4212 Orator,
482 4170 538 4220 cap.
552 4156 595 4205 20.
