3425 5167
864 522 1025 585 ...74-

312 721 327 742 ,
406 657 522 727 mortis
533 656 664 745 signum
677 653 736 744 (l),
749 652 908 723 amatoria
919 651 1042 722 Ixionis
1060 650 1100 740 (2)
1117 649 1263 734 artificia,
1280 651 1485 721 meretricios

407 768 583 841 Charicleae
604 766 650 857 (3)
671 766 777 849 dolos
800 764 922 855 quibus
943 764 1115 833 lenociniis
1131 763 1260 833 Dini'am
1275 764 1316 835 ad
1337 784 1485 835 amorem

407 884 562 954 sollicitet
578 898 610 952 et
627 882 720 972 quasi
740 881 774 949 in
792 899 853 949 sua
871 881 1074 961 retiaxvocet,
1092 898 1158 969 qua
1171 880 1306 949 solertia
1321 879 1485 950 irretitum

406 1000 557 1081 retineat,
570 1015 636 1087 qua
647 994 826 1065 insatiabili
839 992 974 1064 avaritia
986 993 1119 1083 penitus
1132 976 1313 1076 exhauriat,
1331 1014 1398 1084 qua
1410 1012 1486 1083 per-

406 1113 486 1183 fidia
496 1115 536 1184 ad
549 1114 696 1204 inopiam
707 1113 877 1183 redactum
890 1111 1096 1202 derelinquat
1107 1119 1140 1180 et
1153 1110 1194 1181 ad
1208 1129 1325 1210 nomm
1338 1111 1485 1200 praedam

407 1228 597 1299 transvolet.
616 1228 681 1298 Sed
695 1228 815 1298 modus
829 1227 862 1296 iu
879 1226 979 1297 rebus
997 1252 1003 1296 :
1023 1245 1154 1316 nequeo
1168 1234 1278 1294 tamen
1295 1226 1407 1296 animo
1422 1226 1486 1295 im-

406 1363 522 1432 perare
541 1343 620 1432 quin
640 1343 882 1432 huncquoque
909 1341 1018 1410 locum
1042 1340 1197 1410 afferam:
1221 1343 1421 1410 Mercurium
1438 1340 1484 1433 (l)

407 1458 524 1527 edocet
538 1457 653 1526 Plutus
681 1476 754 1546 quae
779 1454 850 1525 fieri
877 1456 1006 1525 soleant
1026 1455 1084 1525 ubi
1110 1458 1186 1546 quis
1208 1457 1298 1527 diues
1326 1457 1483 1529 decessit.

408 1596 426 1639 «
443 1578 524 1642 Cum
541 1573 622 1642 mihi
646 1572 770 1661 (Plutus
787 1571 945 1662 loquitur)
963 1571 1004 1639 ab
1021 1571 1086 1641 alio
1101 1570 1142 1640 ad
1158 1571 1259 1641 alium
1276 1572 1485 1662 migrandum

407 1697 469 1769 est,
489 1708 542 1758 me
564 1691 596 1756 io
622 1688 751 1756 tabulas
768 1687 1031 1757 testamentarias
1058 1688 1237 1778 conjiciunt
1254 1709 1292 1759 ac
1312 1689 1486 1779 diligenter

407 1807 623 1897 obsignantes
642 1807 741 1876 domo
765 1826 819 1875 me
839 1805 1025 1897 bajulorum
1047 1825 1147 1895 opera
1164 1806 1328 1876 efferunt:
1359 1807 1486 1877 interea

351 1975 358 1992 .
406 1932 556 1994 mortuus
575 1927 607 1993 in
622 1925 765 1994 obscuro
782 1923 893 2013 aliquo
907 1921 1029 1991 aedium
1044 1922 1117 1991 loco
1130 1923 1226 2012 jacet,
1244 1923 1364 1992 detrito
1381 1922 1485 1993 linteo

407 2038 548 2109 obtectis
568 2039 724 2129 genibus,
753 2038 832 2107 dum
854 2037 940 2107 circa
961 2036 1070 2125 ipsum
1093 2037 1263 2107 decertant
1287 2036 1384 2120 leles,
1414 2039 1486 2127 ejus

380 2165 388 2181 ·
407 2154 547 2223 cadaver
566 2156 728 2245 attingere
746 2154 943 2243 gestientes;
966 2170 1020 2220 me
1036 2159 1155 2229 autem
1168 2151 1190 2219 ii
1209 2151 1265 2242 qui
1280 2152 1394 2235 tandiu
1410 2171 1486 2241 spe-

289 2294 291 2298 ·
406 2269 569 2339 caverant,
585 2261 624 2330 ad
640 2261 747 2331 lorum
762 2261 879 2331 itidem
894 2268 930 2328 ut
943 2259 1153 2329 hirundinem
1170 2259 1381 2329 advolantem
1403 2260 1486 2349 pulli

407 2383 609 2463 exspectant.
638 2373 698 2444 Ubi
727 2382 839 2444 autem
863 2373 1032 2442 sublatum
1058 2381 1108 2442 est
1136 2373 1280 2463 sigillum
1308 2380 1341 2443 et
1360 2373 1486 2443 lineum

407 2490 597 2561 testamenti
609 2491 778 2559 vinculum
792 2489 935 2559 incisum
949 2499 1010 2571 est,
1024 2490 1212 2581 tabulaeque
1226 2480 1366 2582 apertae
1377 2512 1416 2562 ac
1430 2513 1487 2563 no-

406 2627 580 2697 vusopum
599 2606 753 2677 domiuus
777 2606 961 2678 declaratus
976 2614 1036 2689 est,
1057 2614 1216 2694 cognatus
1230 2605 1428 2696 aliquis‚aut
1441 2628 1488 2677 as-

407 2731 566 2804 sentator,
583 2732 639 2792 aut
650 2722 800 2793 servulus
815 2723 959 2813 denique
969 2722 1027 2812 qui
1040 2722 1080 2792 ad
1093 2722 1292 2811 obsequium
1304 2742 1487 2792 venereum

407 2848 527 2930 praesto
550 2849 629 2919 erat,
649 2849 682 2910 et
703 2859 742 2909 ea
766 2840 869 2930 gratie
895 2840 1020 2909 caeteris
1047 2839 1202 2928 praelatus
1225 2839 1396 2920 omnibus,
1412 2860 1486 2909 rasa

285 3028 288 3032 ,
410 2956 591 3024 etiamnum
606 2956 719 3038 barba,
738 2976 892 3046 maguum
914 2955 1056 3045 pretium
1079 2955 1187 3026 lenens
1206 2964 1256 3025 tot
1280 2956 1487 3046 voluptatum

409 3074 494 3159 quas
511 3071 591 3140 hero
611 3071 731 3152 attulit,
752 3071 831 3140 dum
852 3090 888 3139 se
902 3070 971 3160 Jam
988 3070 1149 3153 exoletos
1169 3069 1198 3138 ei
1217 3069 1488 3159 perdepsendum

408 3185 608 3274 obsequiose
624 3185 796 3273 permittit.
814 3189 846 3253 Is
862 3184 970 3273 igitur,
999 3185 1150 3275 quisquis
1174 3185 1308 3254 tandem
1330 3187 1383 3269 sit,
1414 3206 1487 3255 cum

410 3300 598 3367 testamenti
613 3299 734 3368 tabulis
746 3318 800 3367 me
811 3299 1141 3387 arripienscurriculo
1155 3299 1291 3369 domum
1304 3300 1487 3379 contendit,

409 3421 534 3482 mutato
548 3422 685 3504 repente
696 3414 843 3495 nomine,
857 3424 905 3499 ut,
915 3416 970 3505 qui
985 3423 1083 3484 antea
1095 3415 1206 3504 Byrria
1218 3416 1269 3484 vel
1282 3419 1404 3486 Dromo
1420 3424 1487 3499 aot,

408 3530 435 3597 si
456 3529 571 3611 mavis,
589 3529 700 3599 Tibius
717 3530 906 3613 vocabatur,
925 3529 1082 3620 deinceps
1100 3531 1273 3621 Megacles,
1287 3531 1488 3602 Protarchus

408 3653 466 3714 aut
479 3646 675 3737 Megabyzus
691 3646 840 3716 dicatur:
868 3645 940 3717 illos
956 3647 1124 3716 incassum
1144 3646 1276 3717 hiantes
1295 3656 1328 3717 et
1347 3646 1434 3718 inter
1454 3666 1489 3717 se

408 3758 608 3849 aspicientes
637 3760 844 3850 relinquens,
884 3761 997 3831 dolore
1030 3781 1096 3830 oon
1128 3761 1205 3831 licto
1236 3761 1405 3851 lugentes,
1434 3761 1489 3852 qui

441 3984 476 4051 (1)
493 3985 621 4050 cataplus
642 3988 682 4035 15.

335 4083 338 4088 '
443 4077 476 4143 (2)
489 4078 598 4141 Dialog,
614 4079 643 4126 D.
658 4080 683 4128 5.

441 4168 708 4234 &mmmmm

442 4260 473 4321 (4)
490 4260 590 4321 Timon,
607 4264 692 4311 21-24.
