3425 5167
831 501 998 597 ¹-ar-

379 671 585 761 opusculum
609 668 699 762 qnod
719 667 781 738 sub
803 668 938 737 nominc
965 665 1098 737 Luciani
1113 665 1216 737 lertnr
1236 690 1243 736 :
1261 668 1289 738 si
1307 667 1404 751 clara,
1426 672 1454 740 si

320 803 322 810 ·
382 786 501 868 lucida,
512 786 540 855 si
553 785 728 877 perspicua
742 792 799 853 est
808 784 925 865 oratio,
935 782 1086 873 quamvis
1096 782 1225 853 luxurie
1238 783 1392 874 quadam,
1404 786 1454 856 in-

382 903 610 994 temperantia,
626 902 815 992 talibusque
825 901 914 970 vitiis
928 920 995 972 non
1010 907 1129 983 careat,
1147 920 1231 1005 opus
1241 901 1388 973 Lucieno
1398 903 1453 971 tri·

381 1018 437 1089 bni
451 1027 563 1109 potest
584 1044 591 1088 :
609 1038 676 1089 non
689 1026 811 1109 potest,
828 1019 856 1087 si
875 1017 1053 1107 implicata,
1067 1016 1355 1109 obscuractquasi
1369 1014 1455 1089 ten'e

380 1136 449 1207 bn‘s
468 1136 625 1215 involuta,
643 1135 772 1206 etiamsi
789 1134 1014 1226 eloquentiam
1031 1133 1208 1226 qnamdam
1222 1153 1290 1225 prae
1308 1154 1346 1206 se
1358 1133 1451 1215 ierat,
1497 1159 1500 1163 ·

381 1260 415 1321 ct
433 1251 557 1342 lepore,
585 1258 758 1321 venustate
782 1249 922 1339 aliisque
936 1249 1113 1320 uirtutibus
1129 1250 1289 1321 abundet.

420 1372 598 1447 daeterum,
621 1365 703 1436 nihil
721 1367 842 1435 mirum
862 1365 889 1433 si
915 1373 948 1434 et
965 1365 1126 1455 Epicurus
1145 1374 1178 1435 et
1202 1366 1456 1457 Luciapusper-

379 1483 591 1574 spionitatcm
613 1482 693 1550 tanti
710 1480 881 1551 lecerunt:
899 1479 934 1550 id
951 1482 1038 1551 anim
1053 1488 1170 1550 natura
1184 1489 1217 1551 et
1231 1482 1326 1571 quasi
1341 1502 1456 1553 neces—

380 1596 479 1666 sitate
494 1594 804 1685 quadamomnibus
815 1594 884 1665 lenc
895 1593 1012 1664 accidit
1023 1593 1081 1683 qui
1091 1593 1454 1685 omniajndiciarerum

380 1713 412 1781 in
426 1711 583 1782 sensibus
598 1719 737 1800 ponunt.
754 1710 954 1781 ardentibus
965 1710 1100 1801 quidem
1115 1711 1179 1781 illis
1193 1710 1292 1781 animi
1308 1711 1455 1782 motibus

380 1836 413 1899 et
434 1828 527 1918 quasi
543 1826 653 1896 divina
666 1826 799 1895 damma
815 1809 939 1913 ingenii
954 1835 1066 1895 carent
1082 1845 1156 1916 quae
1169 1844 1333 1894 summam
1347 1825 1456 1897 homi·

380 1965 460 2015 num
486 1945 741 2014 admirationem
768 1943 869 2033 rapit,
900 1962 1047 2012 summos
1074 1942 1151 2012 iacit
1176 1942 1353 2024 clamores3
1372 1942 1455 2013 nibil

261 2051 266 2057 ’
379 2063 513 2145 elatum,
534 2062 615 2131 nihil
646 2059 856 2152 magnificum
884 2062 1042 2141 sentiunt,
1070 2060 1130 2129 sed
1150 2059 1312 2150 quidquid
1335 2079 1454 2149 parum
1482 2157 1486 2164 .

378 2178 470 2259 certi,
488 2176 649 2268 quidquid
665 2176 756 2247 dubii
770 2185 831 2258 est,
848 2184 1051 2257 aversantur,
1072 2175 1152 2245 nihil
1168 2175 1237 2244 lere
1254 2184 1408 2264 quaerunt
1422 2185 1455 2248 et

377 2302 488 2361 amant
511 2295 610 2382 qdam
631 2292 721 2381 qnod
749 2292 855 2362 oculis
881 2292 1076 2363 intuendum
1107 2302 1138 2362 et
1165 2312 1266 2362 manu
1284 2292 1353 2362 lere
1375 2312 1451 2383 per·

377 2408 584 2480 tractandum
599 2410 676 2479 dare
690 2409 830 2499 possint,
847 2410 944 2498 plano
958 2410 1070 2501 eloqui
1084 2411 1181 2482 unice
1201 2412 1347 2494 student,
1365 2431 1454 2483 corte

374 2523 477 2613 pejor
497 2533 664 2623 etcopoe
679 2524 841 2593 sermonis
858 2522 1092 2595 obscuritatem
1106 2525 1248 2616 lugiunt.
1267 2526 1350 2608 Quis
1363 2528 1452 2596 enim

377 2640 499 2709 Lockio
518 2639 650 2710 clarior?
668 2641 747 2722 Quis
767 2640 967 2711 Gondillaoio
981 2642 1129 2732 planiori
1142 2645 1222 2725 Quis
1243 2643 1384 2714 lloltario
1403 2645 1453 2713 lu-

299 2764 302 2769 '
378 2756 503 2825 cidior?
526 2758 689 2827 lloltarins
709 2767 821 2828 autem
839 2757 885 2827 ita
898 2758 1040 2829 Luciaoo
1054 2758 1171 2829 similis
1182 2768 1247 2841 est,
1262 2767 1298 2829 ut
1312 2779 1377 2829 non
1394 2759 1451 2828 im·
1496 2785 1501 2792 ·

377 2873 497 2941 merito
526 2874 663 2962 gallicus
686 2874 850 2943 Lucianns
877 2882 1023 2944 vocetur.
1054 2880 1095 2943 Ut
1114 2875 1288 2956 lucianus,
1303 2855 1453 2965 dialogos

379 2987 523 3077 scripsit,
539 2988 675 3058 liberius
687 2989 819 3079 qnidam
838 2997 871 3057 et
883 2989 994 3058 minus
1008 2989 1151 3059 comicos
1166 2990 1350 3080 exprimere
1365 3009 1453 3080 qnae-

376 3103 1297 3195 rens,religionemimpugnat,probitatissimulationem
1309 3105 1452 3175 maxime

377 3220 525 3288 omnium
550 3228 734 3302 execratur,
761 3222 920 3291 moralem
943 3219 1162 3310 philosophiae
1192 3227 1318 3311 partem
1346 3222 1452 3290 solam

376 3334 598 3424 amplectitur,
621 3343 756 3405 ceteras
770 3335 866 3405 valde
885 3336 1030 3425 negligit.
1049 3341 1162 3426 lleque
1178 3337 1248 3406 haec
1261 3335 1306 3404 ita
1324 3335 1399 3407 dico
1417 3345 1453 3406 nt
1497 3367 1501 3377 ·

376 3447 509 3519 Luciani
524 3450 628 3520 instar
643 3470 760 3520 omnes
777 3450 916 3534 debeo,
935 3450 975 3520 dc
991 3451 1177 3520 animorum
1203 3451 1452 3521 immortalitate

377 3565 634 3655 disceptationes
654 3567 797 3660 anilibus
815 3565 942 3635 labellis
968 3575 1174 3635 annumeret.
1194 3566 1327 3636 Minime
1351 3567 1451 3652 :imo

374 3689 454 3751 iero
468 3683 632 3752 lloltarius
647 3682 744 3770 [banc
759 3683 846 3753 enim
861 3683 932 3773 ejus
948 3682 1080 3753 landem
1094 3702 1134 3751 eo
1154 3682 1257 3771 magis
1271 3682 1354 3751 mihi
1369 3682 1450 3753 libet

377 3817 565 3889 agnoscere,
588 3801 679 3890 qnod
703 3820 770 3870 non
799 3799 896 3891 pauci
925 3799 1004 3869 odio
1032 3798 1159 3888 abrepti
1184 3797 1354 3868 memoriae
1379 3800 1451 3889 ejus

377 3933 519 3998 ἀθεότητος
537 3929 650 3991 notam
675 3920 806 3989 inurere
826 3918 1017 4008 volucrunt)
1037 3935 1168 4007 semper
1183 3917 1451 3987 constantissima

378 4038 560 4121 contendit,
572 4041 716 4108 etheum
731 4053 815 4118 esse,
829 4043 873 4116 et,
884 4035 918 4104 in
932 4034 1209 4125 alterapostbanc
1221 4034 1321 4104 vitam
1336 4044 1452 4104 terres-

378 4161 460 4224 trem
477 4156 553 4236 vita,
571 4155 678 4224 bonos
695 4151 852 4242 praemiis,
871 4150 975 4221 malos
988 4151 1096 4241 poenis
1108 4170 1172 4219 non
1190 4146 1451 4240 possenonaffi-

378 4288 463 4340 cere.
480 4270 543 4339 Sed
555 4278 676 4350 tamen,
686 4287 761 4338 cum
775 4268 816 4337 de
826 4267 1073 4337 immortalitate
1085 4269 1270 4337 animorum
1283 4267 1358 4356 agit,
1369 4265 1451 4334 uibil
