3425 5167
780 560 940 619 ..44-

315 691 489 782 palliolum
506 690 711 779 deponebat,
730 711 828 781 agros
848 692 998 773 emebat,
1027 693 1238 762 mollissimas
1267 703 1395 775 vesteS,

316 815 466 878 comatos
489 825 613 898 pueros
629 814 784 897 totasque
802 806 910 888 villas,
932 807 1137 896 Cratetisque
1156 826 1258 895 perae,
1286 808 1420 899 tntis-—

315 921 426 989 thenis
442 918 596 1008 palliolo,
619 918 699 988 cado
719 919 877 1007 Diogenis
893 920 989 1007 longa
1004 917 1209 988 valedicebat
1225 918 1283 1007 (l).

359 1036 442 1119 Quis
462 1054 528 1105 non
548 1036 661 1105 credat
677 1055 742 1104 non
757 1036 863 1123 magis
879 1055 973 1105 suam
987 1055 1086 1125 quam
1101 1041 1249 1103 nostram
1267 1042 1397 1105 aetatem

315 1152 508 1243 depinxisse
520 1153 704 1223 Lucienus?
719 1157 789 1221 Non
803 1152 925 1220 mortui
941 1159 1019 1220 sunt
1032 1170 1149 1220 omnes
1173 1151 1338 1239 Peregrini
1365 1159 1398 1220 et

314 1269 444 1359 Cynici,
475 1268 543 1336 imo
574 1287 651 1336 vero
681 1268 777 1336 multi
803 1268 1008 1335 etiamnunc
1027 1267 1141 1334 vivunt
1160 1285 1397 1355 nequemoros

314 1389 535 1451 mutarerunt.
552 1358 783 1472 Paupertatem
804 1380 984 1469 praedicant
999 1388 1036 1448 ut
1050 1379 1179 1449 divitias
1193 1390 1394 1470 comparent,

316 1498 456 1587 gloriam
485 1496 596 1567 verbis
626 1498 758 1568 elevant
784 1506 821 1567 ut
847 1496 966 1564 famam
995 1496 1231 1586 adipiscantur,
1266 1517 1397 1568 summo

313 1612 396 1681 tastu
416 1620 450 1681 et
463 1621 627 1702 apparatu
645 1612 893 1702 simplieitatem
914 1621 1013 1702 atque
1031 1612 1243 1695 modestiam,
1267 1634 1398 1683 summa

313 1729 495 1798 acrimonia
522 1730 691 1798 lenitatem
711 1737 812 1820 atque
837 1728 1128 1797 mansuetudinem
1144 1729 1394 1810 commendant,

314 1840 403 1908 solos
421 1858 458 1907 se
472 1838 645 1907 veritatem
657 1846 690 1907 et
705 1857 815 1906 amare
833 1845 866 1906 et
879 1830 998 1906 teuere'
1004 1837 1202 1926 profitentur
1217 1844 1272 1904 aut
1286 1838 1397 1925 potius
1417 1868 1419 1872 ⁴

316 1956 460 2025 clamant
475 1943 491 2022 ἐ
518 1954 808 2044 impudentissime
832 1960 944 2021 tamen
962 1955 1193 2032 mentiuntur,
1220 1950 1399 2040 impuden-

290 2072 443 2146 tissime
470 2080 675 2147 cetetonem.
704 2068 998 2138 Praestantissimos
1027 2067 1060 2142 in
1084 2065 1254 2155 republica
1275 2065 1398 2154 guber-

317 2187 424 2256 nanda
438 2189 544 2267 viros,
567 2203 718 2267 summos
735 2190 866 2272 poetas,
896 2190 1061 2260 oratores,
1083 2181 1260 2251 historicos
1275 2180 1398 2269 gravis-

315 2302 405 2370 simis
439 2301 750 2391 indignissimisque
787 2299 943 2368 conviciis
962 2299 1147 2393 lacerant,
1188 2298 1396 2388 turpissimos

317 2416 661 2514 tlagitiosissimosque
688 2416 857 2498 homines
889 2415 1301 2497 crudelissimainstituta,
1329 2436 1421 2483 ma.

317 2530 403 2600 rime
414 2531 544 2628 impios
559 2551 669 2601 mores
683 2551 749 2600 non
764 2532 846 2600 olam
862 2541 894 2602 et
907 2532 1023 2601 timide
1041 2543 1199 2602 excusant
1213 2532 1271 2602 sed
1285 2537 1397 2620 aperte

316 2657 346 2717 et
359 2649 517 2718 audacter
528 2649 668 2717 summis
679 2648 834 2718 laudibus
848 2649 1023 2718 extollunt.
1037 2650 1185 2739 Denique
1199 2649 1287 2737 (vide
1297 2669 1396 2737 quam

315 2762 358 2830 illi
374 2763 553 2851 Peregrina
574 2765 701 2838 similes
719 2764 794 2852 sint)
811 2783 910 2852 rogos
931 2764 1012 2831 strui
1036 2764 1166 2843 volunt,
1197 2783 1263 2832 non
1287 2770 1396 2829 tamen

316 2884 351 2942 ut
364 2877 428 2964 ipsi
450 2878 676 2946 conscendant
698 2878 758 2946 sed
778 2887 814 2945 ut
834 2877 916 2944 alius
933 2876 1127 2944 creruandos
1148 2876 1336 2943 immittant.

820 3078 835 3149 ξ
857 3078 888 3137 3,

682 3232 727 3279 bn
749 3214 1030 3281 streunsrrrruuu.

359 3383 570 3472 Religionum
585 3382 785 3473 negligentia
801 3392 833 3450 et
847 3382 1052 3471 superstitio,
1071 3401 1145 3450 cum
1163 3389 1281 3449 natura
1297 3380 1397 3449 dissi-

316 3498 461 3565 nrillimm
476 3497 661 3575 videantur,
681 3497 866 3587 sepissime
883 3507 993 3565 tamen
1012 3498 1056 3564 ita
1072 3497 1157 3565 berre
1173 3494 1393 3570 conveniunt,

317 3623 354 3682 ut
368 3635 424 3683 eas
434 3633 501 3682 non
512 3596 673 3693 inimicas
688 3613 745 3682 sed
761 3633 892 3682 sorores
904 3622 1058 3703 reputare
1068 3612 1161 3681 lacile
1173 3612 1292 3701 possis.
1304 3609 1398 3677 llulla

317 3729 420 3817 magis
441 3748 540 3818 quam
556 3728 691 3797 Luc-iani
709 3735 788 3797 aetas
808 3733 895 3797 lleos
913 3728 1126 3817 contempsit,
1152 3726 1243 3795 nulla
1263 3743 1396 3815 quoquo

316 3843 420 3931 magis
438 3842 735 3932 superstitionibus
756 3843 817 3911 luit
837 3843 959 3912 dedita.
977 3848 1043 3912 Nec
1063 3851 1189 3912 tantum
1205 3841 1395 3931 imperitum

316 3958 447 4048 vulgus,
472 3959 560 4028 nulla
586 3960 735 4029 doctrina
757 3962 925 4030 excultum
951 3959 1104 4029 ridiculas
1128 3966 1160 4028 et
1186 3957 1396 4027 incredibiles

319 4072 445 4142 tabulas
466 4075 618 4144 narrabat
634 4075 748 4165 eisque
769 4075 939 4155 eredebat;
959 4075 1017 4144 sed
1039 4075 1136 4143 etiam
1157 4092 1272 4163 graves
1287 4072 1396 4161 pbilo-

350 4271 383 4333 tll
399 4272 514 4335 Fugitivi.
