3425 5167
775 592 814 605 ..
837 563 874 623 54
898 593 938 606 ...

317 699 483 788 abrumpit
492 698 661 787 aliamque
673 706 706 767 et
723 716 796 766 cem
808 695 1037 787 longissimam
1051 695 1192 766 auditori
1207 695 1326 785 ingerit
1343 695 1352 783 (
1376 696 1395 784 l.

360 815 441 885 Vide
459 818 584 885 Jooeot
606 812 813 901 Truqaedum
839 837 849 879 .·
872 812 905 880 in
928 830 1060 883 scenam
1080 810 1248 880 inducitur
1268 812 1399 899 Jupiter

244 938 250 951 “
317 932 454 1001 omnino
471 932 695 1022 perturbatus,
712 927 1017 999 miserabilissimos
1032 926 1198 1016 Euripidis
1213 945 1329 1000 versus
1350 926 1399 996 el-

317 1046 436 1129 lundit,
455 1047 496 1116 de
511 1046 650 1117 summis
661 1043 761 1114 rebus
777 1031 1017 1113 deliberaturos
1033 1060 1149 1115 omncs
1164 1040 1246 1110 deos
1261 1039 1303 1109 ad
1318 1060 1399 1110 con-

290 1221 292 1223 .
317 1162 428 1231 cilium
444 1168 554 1239 vocat,
578 1158 697 1229 deinde
717 1158 827 1227 subito
846 1150 996 1226 rhetoras
1017 1156 1175 1244 exagitat,
1195 1174 1275 1225 suos
1294 1155 1398 1244 ipsius

315 1276 405 1346 filios
418 1276 597 1346 Herculem
608 1278 840 1365 otlleptnnum
854 1273 998 1356 deridot;
1017 1274 1192 1344 Herculem
1206 1273 1297 1365 qnod
1308 1276 1399 1342 Boco-

316 1386 1394 1480 ticet(cillentunnmqnudtltynrtt'cetlttl.Noninsnlsoquidem,

316 1506 375 1576 sed
391 1506 471 1597 qnid
485 1507 751 1597 intempestivius
771 1505 944 1595 excogitari
963 1510 1094 1594 potest?

241 1627 244 1632 '
361 1620 788 1710 Sedcur‚optimemarime
801 1619 1138 1709 Jupiter‚istiusmodi
1150 1620 1297 1700 dicteria,
1312 1640 1399 1691 scur-

248 1814 250 1820 ,
315 1736 411 1805 rilem
439 1736 618 1827 quamdam
637 1735 804 1805 lasciviam
830 1735 935 1823 magis
959 1734 1146 1803 redolentia
1161 1754 1259 1825 quam
1277 1737 1400 1825 regiam

315 1842 535 1940 majestatem,
551 1856 732 1921 nonlllomo
741 1848 963 1940 relinquebas,
974 1849 1031 1939 qui
1045 1848 1195 1918 omnium
1207 1848 1400 1919 illudendo-

316 1986 387 2035 rum
405 1967 607 2057 provinciam
626 1976 658 2037 et
675 1968 770 2058 quasi
783 1965 918 2055 proprio
927 1965 1000 2055 jure
1015 1964 1077 2034 sibi
1095 1963 1259 2033 vindicare
1274 1971 1397 2053 potest,

317 2090 350 2150 et
364 2082 511 2152 omnium
526 2080 669 2171 jndicio,
689 2082 787 2150 etiem
800 2090 868 2161 tuo,
881 2080 1131 2171 praeclerissime
1144 2078 1306 2167 iungitur?
1317 2083 1398 2147 Eum

316 2196 430 2265 saltem
446 2196 577 2278 ludere,
591 2196 707 2285 jocari,
724 2194 846 2277 ridere,
863 2213 962 2264 nemo
980 2192 1207 2274 succensebit,
1225 2212 1324 2262 nemo
1338 2192 1400 2260 mi-

233 2399 234 2402 *
316 2310 442 2379 rebitur
468 2332 474 2377 :
502 2328 559 2378 cnr
583 2310 714 2391 doleat,
741 2317 860 2399 gemat,
885 2309 1015 2399 ejulet?
1035 2307 1121 2378 Nihil
1140 2308 1242 2378 habet
1262 2309 1401 2398 perden-

316 2424 395 2494 dum
418 2425 473 2511 [ll.

358 2539 635 2627 Videdutoplom
647 2540 850 2631 (5),·Charon
860 2528 1019 2611 acerrime
1029 2540 1239 2611 dellercnrio
1250 2542 1409 2631 queritur

315 2657 405 2745 qnod
417 2657 783 2727 nondumndreneritet
795 2657 952 2727 naviculae
967 2657 1151 2748 profectum
1163 2657 1399 2751 tardetnequo

314 2764 1398 2862 velamarissimisconviciisebstinot.Quidpostealdumtandem

314 2884 464 2966 advenit,
482 2884 713 2974 longissimum
731 2888 956 2985 liegepentlris
971 2895 1005 2957 et
1019 2887 1156 2956 Clothus
1173 2888 1396 2978 colloquium,

314 2999 541 3091 longissimam
562 3000 677 3091 llicylli
695 3002 879 3072 orationem
892 3001 1076 3071 lentissime
1091 3001 1193 3084 audit,
1212 3011 1244 3071 et
1261 3005 1398 3073 omnino

314 3115 461 3186 oblivisci
473 3116 648 3187 videturse
660 3118 1004 3208 nuperproficiscendi
1016 3117 1270 3207 cupidissimum
1281 3117 1395 3189 luisse.

314 3232 398 3313 Quid
414 3233 502 3301 alind
518 3233 623 3303 lector
637 3254 734 3324 quom
748 3234 887 3303 miretur
903 3254 960 3303 cur
974 3243 1041 3303 tam
1057 3234 1208 3303 celeriter
1221 3243 1317 3304 tentae
1329 3235 1416 3324 les<

314 3348 465 3418 linationi
481 3356 569 3418 tanta
585 3350 748 3420 lentitudo
766 3350 983 3422 successerint
1000 3417 1002 3421 .

359 3463 422 3533 Sed
439 3466 509 3534 haec
527 3463 666 3535 sortasse
686 3466 769 3535 levia
786 3490 792 3534 :
812 3466 868 3534 ille
885 3468 1033 3556 graviore
1049 3466 1138 3555 quod
1153 3465 1319 3534 interdum
1338 3471 1399 3535 Lu·

314 3579 427 3648 cianus
451 3600 560 3669 neque
583 3589 786 3672 temporum,
814 3602 922 3673 neque
939 3603 1153 3674 personarum
1177 3582 1277 3653 habet
1298 3585 1397 3653 retio-

347 3806 379 3871 (l)
394 3799 573 3871 Icaromenip.,
587 3809 630 3858 Ill.
646 3808 744 3883 μᾶλλον
764 3806 847 3865 δὲκαὶ
864 3813 955 3864 πᾶσαν
970 3808 1085 3883 ἐξαρχῆς
1103 3811 1150 3867 τὴν
1166 3808 1294 3878 ἐπίνοιαν,
1316 3806 1340 3863 εἴ
1355 3830 1399 3866 σοι

316 3906 413 3979 σχολή,
430 3901 519 3979 δίειμι.

347 4008 380 4073 (2)
395 4009 475 4072 Jupit.
486 4006 612 4069 Tragoed,
628 4009 668 4056 32.

346 4105 378 4165 (3)
393 4103 472 4166 Jupir.
486 4101 610 4164 Tragoed,
622 4101 663 4151 25.

346 4184 381 4251 (4)
397 4187 474 4249 Jupir.
489 4186 616 4249 Tragoed,
632 4190 673 4238 22.

346 4277 382 4345 (5)
395 4280 417 4327 1.
