3425 5167
777 533 939 593 ..38-

320 668 462 738 tristitiae
481 665 606 736 crimen
628 664 783 735 subeunt.
809 663 925 731 Cibum
945 670 1130 752 potumque
1156 659 1395 732 sufficientem?

315 787 362 852 Ne
377 781 411 850 id
425 780 571 872 quidem.
587 778 724 848 scelesti
740 778 883 846 ministri
899 779 955 869 qui
971 798 1087 847 omnes
1103 777 1260 846 herorum
1276 778 1394 847 nolun-

315 908 401 969 tates
418 899 543 988 optime
558 895 747 985 intelligunt
765 902 849 964 etse
870 894 1162 965 excelsiores'fieri
1182 894 1392 977 arbitrantur,

236 1067 240 1071 .
317 1014 344 1082 si
368 1013 450 1082 alios
476 1011 674 1101 deprimant,
701 1010 823 1078 misero
847 1009 1048 1099 philosopho
1071 1009 1151 1077 nibil
1177 1008 1240 1078 nisi
1264 1028 1341 1078 ossa
1364 1018 1396 1079 et

315 1130 513 1200 nasturtium
545 1138 738 1218 apponunt,
772 1127 931 1196 usitatum
963 1123 1043 1193 illud
1080 1125 1175 1215 quasi
1201 1124 1398 1198 consolandi

316 1264 414 1314 causa
424 1245 540 1334 jocose
554 1251 587 1311 et
601 1239 841 1311 contumeliose
856 1239 1038 1309 addentes:
1055 1260 1074 1304 u
1090 1246 1203 1307 noster
1214 1238 1303 1306 enim
1316 1258 1362 1308 es.
1378 1262 1395 1306 o

315 1362 406 1427 Nunc
418 1354 552 1426 tandem
568 1354 623 1434 ille,
633 1363 791 1446 quantum
809 1355 994 1444 peccaverit
1008 1353 1119 1433 sentit,
1137 1354 1195 1423 sed
1212 1372 1298 1422 sero.
1317 1358 1397 1423 Cum

315 1472 421 1553 senio,
443 1472 614 1541 laboribus
631 1480 664 1541 et
684 1470 808 1539 morbis
827 1490 947 1559 corpus
965 1469 1009 1539 sit
1030 1469 1179 1553 tractum,
1202 1471 1243 1539 ad
1264 1468 1344 1559 quid
1363 1490 1397 1540 se

317 1594 497 1667 convertet,
515 1606 614 1675 quarn
631 1592 735 1653 artem
748 1584 872 1674 poterit
889 1589 1063 1653 exerceret
1081 1589 1216 1653 Praestat
1230 1604 1309 1672 ergo
1326 1604 1397 1652 ma-

316 1720 395 1770 nere
426 1722 525 1792 quam
554 1701 633 1770 alibi
661 1720 781 1769 novam
803 1701 910 1769 aleam
937 1703 1077 1771 subire:
1107 1703 1166 1771 sed
1192 1721 1235 1771 ne
1261 1721 1398 1771 manere
1421 1696 1426 1706 “

317 1818 453 1907 quidem
480 1818 536 1889 diu
556 1818 683 1900 licebit;
712 1818 882 1900 dominus,
906 1818 963 1886 ubi
988 1837 1065 1886 eum
1094 1816 1244 1907 inteiligit
1260 1836 1397 1907 prorsus

317 1934 467 2004 inutilem
487 1935 609 2004 lactum
629 1934 750 2015 luisse,
774 1933 945 2002 minimam
963 1934 1125 2022 arripiens
1143 1952 1287 2015 causam,
1310 1917 1406 2003 iuless

317 2048 411 2119 licem
433 2050 670 2140 philosophum
686 2070 704 2119 e
722 2050 821 2120 domo
838 2048 1042 2138 praecipitcm
1061 2049 1161 2139 ejicit.
1180 2050 1241 2119 Hic
1256 2050 1395 2146 dramati

316 2162 392 2232 linis
409 2164 602 2253 imponitur,
621 2173 655 2232 ut
672 2164 717 2232 ait
733 2162 907 2232 Lucianus.
942 2153 945 2163 '

361 2277 461 2345 llulta
479 2278 578 2346 omisi
596 2297 701 2367 eaque
716 2278 923 2346 atrocissima
940 2302 946 2345 :
966 2278 1025 2362 sed
1039 2297 1057 2347 e
1072 2276 1197 2366 paucis
1217 2297 1292 2367 quae
1307 2298 1397 2347 uom-

314 2392 511 2473 -memoravi‚
531 2393 610 2462 satis
627 2400 763 2482 apparet
780 2393 897 2462 divites
915 2403 948 2464 et
968 2414 1149 2483 pauperes,
1166 2403 1317 2484 tempore
1334 2400 1395 2465 Lu-

318 2507 413 2587 ciam,
423 2526 458 2575 se
470 2506 625 2602 homines
637 2526 709 2576 esse
720 2508 815 2596 quasi
826 2508 949 2577 oblitos
963 2508 1074 2591 luisse,
1090 2508 1168 2577 dum
1182 2508 1227 2576 illi
1242 2509 1399 2597 superbia

317 2622 450 2689 immani
472 2641 508 2690 se
530 2621 719 2703 ellorebant,
743 2622 906 2691 hiantem
927 2623 1173 2692 omninosuam
1197 2623 1397 2713 abjiciebant

317 2739 508 2829 dignitatem
528 2748 561 2808 et
581 2739 648 2808 lere
665 2739 844 2808 bestiarum
863 2740 965 2808 instar
981 2759 1016 2808 se
1038 2739 1150 2809 haberi
1169 2740 1393 2828 patiebantur.

319 2853 509 2923 Correxitne
529 2862 688 2945 utrosque
704 2853 746 2923 ad
763 2854 935 2924 meliorem
950 2854 1077 2945 frugem
1095 2854 1280 2924 Lucienus?
1296 2855 1396 2943 llajor

319 2976 388 3036 erat
422 2968 589 3058 corruptio
617 2988 746 3038 morum
773 2979 810 3037 ut
834 2970 988 3051 coerceri,
1012 2970 1186 3039 violentior
1209 2977 1338 3039 torrens
1362 2977 1398 3037 ut

320 3084 452 3153 retineri
473 3092 608 3174 posset:
626 3085 812 3154 laudandus
831 3095 941 3155 tamen
960 3084 1050 3174 quod
1068 3086 1184 3154 saltem
1205 3084 1342 3155 tentavit
1363 3093 1396 3154 et

320 3202 488 3288 egregium
511 3220 595 3291 opus
619 3219 791 3290 aggressus
812 3210 878 3284 est;
907 3201 1092 3270 laudandos
1114 3202 1204 3291 quod
1229 3203 1394 3272 litteratos

212 3314 215 3320 ’
320 3313 472 3383 homines
486 3315 699 3412 vehementer
720 3315 870 3385 hortatus
889 3325 939 3385 est
961 3325 998 3385 ut
1014 3317 1211 3399 libertatem,
1235 3325 1272 3385 ut
1291 3307 1400 3405 iligniss

320 3437 422 3498 tatem
450 3438 622 3500 tuerentur
650 3450 759 3520 neque
789 3430 1043 3521 pulcherrimam
1075 3441 1177 3500 artem
1209 3432 1399 3520 turpissima

251 3596 254 3604 -
320 3547 478 3615 servitute
496 3545 766 3616 dehonestarent.

822 3755 1086 3840 §ss·

676 3940 720 3991 DE
748 3940 866 3994 lubun
897 3940 1040 3993 GLORIAE.

364 4124 436 4190 Non
453 4121 573 4191 eodem
588 4120 690 4191 modo
706 4140 823 4191 omnes
840 4119 979 4210 gloriam
995 4100 1165 4210 quaerunt':
1180 4119 1245 4202 alii,
1261 4128 1299 4189 ut
1311 4121 1398 4211 vulgi
1420 4144 1429 4152 ·

322 4234 450 4303 animos
478 4241 577 4323 atque
606 4253 663 4303 ora
685 4233 718 4301 in
751 4251 787 4301 se
816 4240 1007 4302 convertant
1035 4233 1245 4323 posterisque
1275 4252 1397 4303 nomen
