3425 5167
768 541 939 603 ...75-

315 681 446 744 tantum
462 673 625 762 thynnum
645 694 684 743 ex
705 673 822 743 intimo
841 692 970 762 sagena
987 692 1123 744 recessu
1142 675 1303 764 elapsum,
1324 685 1401 765 post

315 790 461 881 opimam
482 810 591 862 escam
610 798 858 880 consumptam,
888 789 1071 858 amiserint.
1098 794 1135 858 In
1160 810 1214 860 me
1237 790 1335 881 igitur
1354 792 1401 859 ir-

314 924 416 974 ruens
431 904 505 973 talis
519 904 578 997 rir,
588 922 704 973 ⁴rerum
716 904 881 973 bonarum
896 903 1083 992 imperitus
1099 903 1253 987 stolidus,
1270 905 1326 995 qui
1339 925 1401 995 pe-

315 1018 405 1089 dicas
428 1017 609 1089 etiamnum
630 1017 843 1098 exhorrescit,
862 1026 906 1099 et,
927 1016 955 1087 si
973 1017 1048 1107 quis
1063 1024 1189 1088 temere
1209 1019 1401 1107 praeteriens

314 1136 394 1205 loris
421 1136 642 1225 increpuerit,
669 1136 804 1204 arrectis
828 1132 965 1204 auribus
993 1142 1131 1224 repente
1157 1134 1297 1218 resistit,
1332 1135 1402 1226 pis-

314 1252 439 1323 trinum
467 1260 578 1322 autem
594 1250 684 1322 velut
700 1251 862 1342 templum
886 1248 1029 1343 adorat:
1053 1249 1144 1331 talis,
1176 1249 1322 1340 inquam,
1353 1252 1402 1320 vir

313 1369 356 1440 iis
372 1370 573 1460 quibuscum
590 1376 751 1450 versatur,
764 1379 834 1437 non
850 1366 995 1456 amplius
1008 1366 1206 1447 tolerabilis,
1222 1366 1280 1436 sed
1294 1366 1326 1435 in
1340 1367 1402 1435 bo-

316 1485 423 1554 mines
437 1485 561 1554 liberos
575 1484 839 1553 contumeliosus
855 1490 916 1561 est,
934 1502 1111 1560 conservos
1124 1492 1235 1552 autern
1248 1502 1327 1552 suos
1343 1484 1402 1552 fla-

316 1596 410 1689 gellis
434 1600 516 1680 urit,
546 1601 640 1688 quasi
671 1597 864 1688 experiendi
887 1596 992 1703 gratia
1015 1615 1094 1664 num
1118 1596 1151 1665 id
1176 1596 1240 1665 sibi
1266 1616 1401 1687 quoque
1452 1643 1455 1649 -
1552 1627 1554 1632 2

316 1711 429 1792 liceat;
452 1732 559 1803 usque
583 1712 667 1783 adeo
688 1713 795 1783 donec
820 1711 1064 1781 meretriculam
1091 1710 1236 1800 aliquam
1264 1719 1398 1791 nactus,

316 1827 369 1896 vel
387 1847 550 1917 equorum
566 1817 765 1897 alendorum.
786 1826 897 1896 studio
919 1826 1107 1907 insaniens,
1136 1834 1194 1894 aut
1211 1835 1401 1896 assentato-

317 1943 408 2013 ribus
424 1963 461 2015 so
484 1952 589 2013 totum
605 1944 753 2028 tradens,
777 1944 1003 2033 deierantibus
1028 1942 1260 2013 formosiorem
1287 1944 1399 2032 ipsum

317 2058 414 2129 llireo
430 2079 515 2143 esse,
535 2065 679 2150 Cecrope
696 2070 752 2131 aut
767 2061 873 2131 Codro
888 2060 1098 2143 nobiliorem,
1120 2060 1235 2149 Ulysse
1253 2059 1401 2149 pruden-

318 2173 453 2255 tiorem,
473 2174 619 2244 sedecim
640 2174 737 2244 simul
757 2195 823 2245 una
843 2174 963 2244 Croesis
984 2174 1149 2255 ditiorem,
1172 2181 1295 2265 puncto
1317 2182 1401 2242 tem·
1433 2200 1440 2212 ¹

319 2292 408 2377 poris
421 2308 460 2360 ea
478 2290 626 2361 effundat
640 2292 843 2382 luteisque
860 2290 1019 2360 unciatim
1039 2310 1079 2359 ex
1097 2289 1211 2358 multis
1233 2290 1396 2381 perjuriis,

319 2406 443 2495 rapinis
459 2427 496 2476 ac
513 2405 684 2477 fraudibus
703 2407 766 2477 sibi
782 2408 911 2497 peperit
924 2428 953 2483 »,
978 2406 1057 2488 Quis
1076 2405 1263 2475 visionibus
1288 2404 1401 2474 conci-

319 2520 541 2611 piendisadeo
556 2521 680 2605 tardus,
695 2522 829 2612 quinon
842 2522 905 2591 sibi
920 2530 1135 2612 repraesentet
1148 2520 1270 2590 mortui
1282 2540 1401 2610 corpus

319 2636 452 2725 indigne
479 2637 682 2726 neglectum,
715 2647 952 2708 testamentum
978 2638 1132 2727 religioso
1165 2638 1395 2727 obsignatum,

319 2752 459 2820 solemni
473 2752 969 2842 pompainmediosprolatum,
983 2771 1042 2842 spe
1056 2751 1234 2820 destitutos
1248 2750 1398 2821 haeredes

318 2885 411 2936 veras
435 2866 594 2956 lacrymas
619 2866 811 2949 fundentes,
838 2886 960 2936 novum
990 2866 1126 2935 divitem
1146 2866 1262 2936 insana
1289 2867 1402 2935 laetitia

320 2979 567 3059 exsultantem,
585 2987 683 3049 tantae
710 2980 848 3050 fortunae
876 2980 1052 3050 mutationi
1076 2982 1130 3048 rin
1154 2980 1343 3050 credentem
1368 2987 1402 3049 et

320 3094 405 3164 male
425 3102 519 3184 parta
537 3095 622 3165 male
639 3096 881 3185 dissipantem?
900 3095 985 3177 Quid
1004 3093 1192 3165 rideremus
1215 3095 1358 3185 amplius
1374 3095 1401 3164 si

320 3209 518 3280 adessemus
540 3211 624 3300 ipsit
1488 3195 1493 3207 '

364 3326 444 3407 Quis
457 3326 539 3395 tales
553 3325 794 3416 descriptiones
807 3338 874 3396 non
891 3323 1106 3396 vehementer
1116 3324 1265 3406 miretur,
1277 3324 1403 3394 nedum

319 3441 461 3530 graviter
477 3440 660 3529 vituperet‘l
688 3441 870 3509 Praesertim
892 3459 985 3521 cum,
1013 3439 1143 3511 etiamsi
1166 3440 1324 3510 dramatis
1342 3460 1403 3509 na-

321 3566 401 3626 turae
418 3577 534 3648 parum
555 3564 751 3648 congruant,
776 3557 905 3626 etiarnsi
926 3556 1044 3626 fabulae
1065 3575 1198 3625 cursum
1218 3564 1402 3648 morentur,

320 3692 387 3741 non
406 3671 511 3760 magis
537 3679 647 3739 tamen
669 3678 811 3739 noceant
839 3688 938 3759 quarn
959 3668 1098 3758 prosint.
1130 3667 1286 3749 Quamvis
1315 3668 1404 3737 enirn

270 3797 278 3808 ⁸
321 3784 465 3854 comicos
495 3784 679 3853 imitaretur
700 3782 881 3865 Lucianus,
903 3800 971 3850 non
990 3780 1260 3851 obliviscendum
1284 3789 1334 3850 est
1357 3781 1405 3850 illi

320 3919 435 3972 rerum
462 3900 640 3981 theatrum,
668 3918 779 3968 reram
807 3916 942 3967 scenam
965 3896 1111 3967 defuisse
1141 3897 1174 3966 in
1200 3915 1299 3987 quarn
1326 3902 1404 3965 ante
1461 3922 1464 3928 ·

322 4018 436 4089 oculos
452 4025 676 4108 spectatorum
691 4035 850 4107 personas
866 4014 1063 4095 traduceret,
1081 4013 1199 4084 sedita
1214 4010 1403 4081 verasima-

322 4134 415 4222 gines
437 4132 528 4213 lacit,
547 4134 593 4201 ita
611 4131 753 4202 fideliter
767 4130 925 4201 describit
942 4138 975 4199 et
994 4127 1157 4219 depingit,
1181 4135 1219 4197 ut
1245 4125 1404 4197 orationis

324 4249 444 4319 veritas
460 4256 493 4318 et
510 4249 674 4319 evidentia
685 4254 826 4338 (ἐνάργεια)
837 4246 956 4317 theatri
973 4254 1005 4317 et
1016 4266 1122 4316 scenae
1133 4243 1405 4333 vicemquodam-
