3425 5167
710 570 751 584 -
774 539 812 601 49
833 568 874 580 ..

255 662 344 739 novit
355 670 401 738 ita
411 687 571 759 personas
581 669 737 756 inducere
747 667 1015 758 utaprincipioet
1026 666 1169 737 risumet
1180 687 1331 757 magnam

255 795 518 881 expectationem
542 802 697 864 moveant
719 816 726 860 :
746 791 826 881 quid
849 790 992 880 lepidius
1017 797 1049 858 et
1070 788 1210 858 vividius
1231 808 1331 881 quam

254 908 400 998 Micyllus
415 908 461 999 (l)
480 907 589 996 putto,
605 910 737 998 tupiter
756 906 799 996 (2)
823 905 1043 997 philosophis,
1060 906 1134 974 lovi
1154 906 1270 975 Timon
1284 905 1331 997 (3)

255 1026 354 1094 iratus
376 1026 531 1116 dirasque
554 1026 759 1115 imprecans?
781 1027 884 1093 Nemo
903 1023 1063 1112 cujusque
1082 1022 1249 1105 moribus,
1266 1022 1335 1092 lor-

257 1149 354 1222 tunae‚
382 1141 492 1224 sexui,
513 1143 617 1222 aetati,
641 1141 803 1231 aptiorem
835 1148 868 1209 et
901 1139 1198 1209 accomodatiorem
1220 1139 1334 1210 tribuit

257 1275 462 1349 sermonem
473 1257 553 1338 Quis
566 1254 758 1346 apudillum
777 1253 953 1323 Herculem
965 1255 1335 1344 nonagnoscat‘lDami-

257 1371 346 1453 dem,
361 1373 506 1439 Deorum
518 1370 659 1453 bostem,
676 1367 945 1438 interficiendum
959 1378 1082 1451 censet,
1098 1388 1140 1438 ne
1158 1367 1333 1447 TimocleS,

257 1485 545 1565 Deourmamicus,
561 1485 722 1553 vincatur.
735 1482 936 1572 Apollinem?
949 1486 998 1551 lta
1011 1483 1203 1573 ambiguum
1214 1482 1333 1552 obscu-

256 1619 397 1690 mmque
416 1598 485 1670 edit
513 1600 682 1669 oraculum
715 1607 752 1668 ut
782 1597 816 1666 id
844 1597 898 1679 vin
926 1598 999 1688 ipse
1027 1598 1185 1689 expedire
1217 1598 1335 1687 possit.

256 1718 433 1807 Epicurum
452 1725 493 1785 'et
518 1703 745 1806 Aristippum?
773 1720 1041 1804 impetraverunt
1073 1716 1208 1806 quidem
1233 1737 1253 1785 a
1279 1736 1339 1812 sua

257 1831 437 1914 mollitiant
449 1837 585 1901 caeteros
596 1827 1073 1920 philosophosreot'ot'sceutcs
1087 1829 1333 1910 comitarentur,

258 1948 313 2018 sed
331 1968 436 2038 quum
456 1948 493 2017 in
510 1956 611 2018 terras
630 1953 863 2037 pervenerunt,
884 1945 1012 2015 itineris
1027 1945 1139 2015 labore
1157 1964 1243 2035 pene
1262 1965 1351 2015 exa-·

258 2065 370 2133 nimati
392 2063 560 2133 anhelant.
583 2068 657 2131 Jarn
677 2081 755 2132 rero
779 2063 874 2131 visne
901 2080 1101 2151 cognoscere
1128 2081 1225 2151 quam
1254 2062 1336 2133 scite

258 2181 343 2249 laesae
370 2179 481 2250 uxoris
508 2179 704 2269 zelotypiam
731 2178 966 2268 descripserit?
988 2177 1069 2248 Vide
1085 2183 1253 2248 Junonem
1275 2178 1335 2269 (l),

259 2315 332 2385 quae
347 2300 463 2364 Jovem
488 2295 652 2384 aspiciens
672 2294 765 2386 vultu
786 2294 1028 2385 perturbatum,
1052 2293 1162 2365 colore
1179 2293 1337 2383 pallidum

260 2417 291 2477 et
319 2408 625 2479 miserabilissimos
653 2409 818 2499 Euripidis
845 2429 960 2480 versus
988 2409 1227 2490 effundentem,
1250 2408 1338 2478 illico

259 2528 445 2616 suspicatur
465 2546 541 2597 eum
571 2546 693 2596 uorum
721 2526 910 2616 pellicatum
937 2524 1090 2594 meditari
1119 2532 1152 2595 et
1179 2524 1338 2594 amatorio

260 2641 375 2711 dolore
409 2641 559 2711 cruciari.
593 2647 697 2724 Quam
728 2642 810 2709 mira
841 2650 912 2709 arte
950 2640 1146 2710 feminarum
1180 2640 1340 2710 malitiam

260 2755 415 2845 pinxerit,
438 2776 511 2846 quae
524 2756 638 2826 formae
655 2757 808 2824 aemulam
828 2756 985 2825 omnibus
1002 2755 1112 2826 modis
1127 2757 1255 2827 elevare
1271 2763 1341 2825 ten-

259 2878 329 2941 tant
349 2881 382 2942 et
399 2893 438 2942 eo
459 2873 625 2962 graviores
651 2873 763 2961 plagas
787 2870 936 2941 inferunt
963 2890 1028 2962 quo
1049 2873 1154 2941 levius
1180 2872 1340 2961 attingere

259 2987 428 3057 ridentur?
443 2987 600 3057 llamdem
623 2988 662 3075 (5)
683 2986 761 3055 audi
781 2990 950 3055 lunonem
969 3006 1043 3077 quae
1058 2986 1104 3055 sic
1118 2991 1281 3056 Venerem
1294 2986 1340 3054 al-

261 3099 407 3192 loquitur
425 3104 508 3190 (cnm
524 3107 651 3171 Venere
669 3100 795 3172 scilicet
810 3110 843 3170 et
859 3100 1004 3171 llinerra
1027 3101 1135 3186 Paridi
1161 3099 1341 3191 judicanda

262 3214 485 3286 descendebat
500 3216 533 3285 in
551 3222 654 3284 terras
666 3216 802 3306 jamque
818 3236 919 3306 super
932 3217 1025 3305 ldaur
1041 3217 1219 3286 deventum
1233 3217 1314 3304 erat)
1332 3236 1338 3282 τ

253 3350 281 3393 ›«
294 3348 382 3397 nunc
396 3348 498 3415 quum
517 3329 765 3413 descendimus
783 3330 840 3399 tibi
855 3337 991 3421 tempus
1004 3339 1065 3413 est,
1083 3335 1204 3413 Venor,
1223 3330 1341 3399 ducem

262 3440 537 3512 nobisitinariste
550 3441 715 3531 praebere:
729 3453 763 3513 tu
773 3444 873 3524 enirn,
883 3444 994 3527 credo,
1009 3445 1158 3514 locorum
1172 3463 1207 3513 es
1219 3443 1338 3524 sciens,

263 3575 335 3625 cum
348 3577 448 3646 saepe,
467 3567 504 3626 ut
517 3567 714 3641 memorant,
735 3560 776 3628 nd
793 3559 970 3629 Anchisem
984 3558 1207 3629 descenderis.
1225 3555 1343 3625 »Nihil

264 3670 458 3756 mordacius,
475 3672 553 3742 nibil
566 3673 718 3742 acerbius
733 3674 795 3743 nisi
813 3666 953 3741 fortasse
970 3671 1122 3743 llercurii
1143 3688 1341 3760 responsum

294 3898 327 3963 (1)
344 3897 442 3946 Gallus.

294 3980 327 4039 (2)
338 3979 380 4027 llis
398 3987 547 4029 accusatus.

295 4070 327 4136 (3)
339 4071 438 4121 Timon.

295 4166 326 4220 (4)
342 4164 421 4226 tupit.
435 4163 549 4227 Tragoed.

294 4257 325 4313 (5)
340 4254 439 4317 Dialog.
457 4255 576 4312 lteorum,
590 4253 632 4302 20.
