3425 5167
854 588 889 599 ...
914 557 952 616 gp
974 588 1012 600 ..

394 686 518 769 sertim,
535 685 623 755 haud
636 686 681 754 ita
694 686 790 754 arctis
801 686 929 774 legions
943 685 1153 756 inscribendo
1171 687 1323 756 astriotes
1336 706 1424 767 esse,
1439 697 1484 757 et·

393 801 472 869 dum
490 803 593 869 risum
620 809 788 880 moveant,
815 799 934 868 fabulae
953 800 1198 890 simplicitatem
1225 802 1468 892 parvifacere,

390 916 713 987 verisimilitudinem
742 936 807 985 uon
837 934 911 984 raro
943 915 1108 1005 negligere
1136 936 1197 986 neo
1227 933 1332 1007 pauoa
1352 938 1372 987 a
1393 939 1471 1009 pro·
1520 940 1525 947 ·

393 1033 501 1122 posito
519 1033 627 1102 aliena
644 1031 793 1101 lundere.
830 1035 871 1100 Ut
895 1032 978 1102 alios
1002 1033 1212 1115 omittamus,
1232 1036 1468 1125 Aristophanes

392 1167 507 1236 pavum
525 1157 617 1216 curat
635 1156 673 1215 ut
1263 1158 1266 1160 ’
1379 1169 1385 1182 ’

551 1311 584 1359 sit
598 1309 706 1373 quodvis
719 1284 824 1375 simplex
840 1312 964 1362 duntaxat
976 1321 1000 1363 et
1013 1326 1093 1363 unum
1105 1291 1126 1359 ι’

389 1454 421 1523 in
442 1453 548 1522 Hortis
564 1454 708 1544 duplex,
723 1456 756 1523 in
772 1454 1139 1543 Thesmophoriuzusis
1152 1455 1220 1525 lare
1234 1455 1356 1545 duplex
1371 1476 1466 1547 argu-

387 1579 539 1641 mentum
559 1580 690 1656 tractas
708 1572 920 1643 mediocriter
936 1581 1028 1643 cavet
1045 1580 1079 1640 ut
1098 1590 1239 1661 quaeque
1255 1591 1402 1661 persona

554 1779 756 1792 .............
758 1734 1043 1791 ’..,.......εοτνεῑιιτ
1058 1742 1089 1791 ad
1105 1742 1185 1791 imum

468 1860 471 1867 ·
546 1832 633 1891 Qualis
651 1833 683 1883 ab
700 1832 800 1896 incepto
814 1833 966 1896 processerit
981 1840 1005 1881 et
1020 1833 1069 1883 sibi
1084 1816 1195 1892 oonstet;
1270 1818 1276 1827 ’

384 1993 418 2062 in
437 1992 622 2082 Equitidus
641 1965 809 2073 oomigin
827 1991 942 2079 Vespis
961 1990 1182 2060 Philooleonis
1202 1976 1314 2090 moros
1327 2000 1463 2080 repenle

384 2116 582 2189 eommutat;
603 2108 740 2176 minime
756 2107 906 2195 providet
925 2116 962 2176 ul
976 2125 1051 2197 pars
1071 2126 1212 2196 quaeque
1228 2104 1346 2175 fabulae

547 2274 678 2338 proposito
693 2273 818 2323 conducat
832 2282 857 2324 et
873 2274 967 2324 haereat
982 2282 1056 2338 apto;

385 2434 417 2502 in
429 2432 715 2502 lehunnensibus
730 2432 934 2521 Euripidem,
952 2432 1158 2522 lepidissime
1179 2432 1314 2522 quidem
1328 2441 1361 2500 et
1378 2433 1464 2522 iuge-

382 2543 587 2626 niosissime‚
609 2543 667 2613 sed
684 2545 804 2633 parum
820 2552 1020 2633 opportune,
1038 2543 1177 2621 deridet.

426 2660 520 2729 Haud
538 2659 634 2749 longe
652 2659 779 2728 aliaest
797 2658 929 2727 Luoiani
943 2660 1047 2728 ratio:
1066 2677 1131 2726 non
1146 2656 1251 2727 mullo
1266 2658 1413 2747 pressius
1429 2668 1463 2729 et

328 2792 332 2801 ·
381 2775 525 2846 strietius
540 2784 649 2845 servat
659 2774 824 2844 seribendi
836 2775 938 2864 leges,
956 2793 1024 2843 non
1040 2772 1226 2861 religiosius
1238 2782 1374 2843 ouralut
1386 2776 1462 2843 sim-

379 2892 456 2981 plex
475 2899 508 2959 et
523 2910 627 2960 unum
648 2890 691 2960 sit
707 2890 867 2980 cujusque
885 2888 1036 2979 opusculi
1052 2889 1300 2976 argumentum,
1324 2898 1361 2958 ut
1376 2910 1461 2959 nun-

379 3024 479 3094 quam
496 3025 515 3073 a
539 3005 710 3094 proposito
726 3004 830 3073 oratio
844 3003 976 3093 longius
992 3002 1139 3083 aberret,
1154 3010 1191 3071 ut
1206 3003 1321 3093 primis
1334 3005 1456 3088 media,

378 3120 497 3190 urediis
513 3130 681 3210 postrema
693 3128 887 3208 congruant.
903 3120 983 3188 Vide
996 3119 1163 3209 dialogum
1176 3120 1233 3211 qni
1253 3116 1374 3202 Gallus
1392 3122 1459 3192 ins-

378 3232 537 3302 cribitur:
561 3233 594 3301 in
611 3234 675 3302 hou
696 3232 898 3302 laudabilem
914 3235 1083 3303 materiam
1109 3234 1234 3324 probo,
1251 3231 1458 3325 ingeniosam

348 3361 350 3364 ’
377 3346 539 3436 allegoriae
554 3347 695 3416 lormam
709 3347 821 3436 diligo,
844 3348 1012 3439 mirorque
1029 3348 1284 3439 quamfelieiter
1299 3349 1459 3423 sabulosis

377 3484 453 3533 vera
465 3464 906 3553 oonjvvngantunsedtamen
918 3464 1006 3534 idem
1021 3484 1086 3533 uon
1102 3466 1338 3555 pessumquiu
1355 3466 1459 3557 fatear

378 3579 557 3648 lucianum
576 3580 666 3649 haud
688 3600 792 3670 pauoa
816 3601 835 3648 a
858 3600 890 3650 re
906 3580 1013 3649 aliena
1031 3579 1198 3649 effudisse.
1225 3585 1308 3648 Eum
1324 3590 1456 3668 παρῳδεῑν

375 3697 566 3778 Homerum,
581 3695 1016 3786 Homerioaquerommeuta
1033 3695 1183 3777 illudere,
1197 3715 1263 3765 non
1273 3715 1455 3766 succenseo

373 3819 551 3899 propterea
563 3808 663 3905 quod,
679 3811 830 3899 quamvis
842 3811 975 3900 saepius,
990 3819 1101 3880 tamen
1115 3810 1235 3909 obiter,
1252 3810 1285 3879 id
1297 3809 1455 3902 laeit;Py-

373 3922 518 4013 thagorae
532 3923 686 4013 dogmata
699 3931 732 3992 et
747 3924 947 3995 insolentem
961 3926 1085 3995 vietum
1103 3924 1252 3995 deridere
1268 3947 1275 3993 :
1293 3924 1358 3994 hoe
1371 3946 1455 4016 quo-

373 4057 437 4127 que
452 4037 609 4121 concedo,
623 4040 831 4129 quamvishiu
843 4040 1097 4111 fortassefusius
1108 4049 1140 4110 et
1154 4039 1323 4130 copiosius
1332 4041 1455 4111 immo-

341 4197 344 4205 ,
370 4153 751 4243 retur‚proptereaquod
765 4155 797 4222 iu
813 4155 1027 4245 Pythagorica
1037 4154 1454 4247 labulapareraththago·

330 4254 333 4259 ’
368 4286 438 4334 ram
451 4266 642 4355 praeclarum
658 4268 766 4337 locum
781 4268 943 4351 obtinere
956 4269 1015 4339 sed
1028 4289 1084 4338 our
1095 4278 1160 4337 latu
1172 4269 1282 4359 longe,
1295 4278 1360 4338 tam
1375 4270 1453 4339 iuu-
