3425 5167
851 529 1010 589 ..64-

391 661 566 731 manifesto
582 660 750 731 declarant
768 678 869 750 qnam
885 657 993 729 affinis
1015 659 1149 730 comicis
1170 658 1212 727 sit
1236 657 1410 729 Lucienus.
1439 658 1472 727 si

392 777 685 869 enimimprudens
696 784 729 847 et
740 775 1314 846 nesciuscomicorumetsententias
1326 781 1360 863 et
1372 772 1474 842 verba

391 893 533 964 fideliter
548 891 684 973 effinxit,
698 893 792 963 lacile
809 892 947 983 intelligi
963 901 1073 984 potest
1083 913 1183 985 quam
1195 891 1327 964 assidue
1340 891 1472 961 illorum

370 1089 372 1093 ¹
392 1029 494 1100 opera
506 1016 661 1092 versaret,
685 1008 834 1080 studiose
849 1009 1024 1093 edisceret,
1042 1010 1186 1081 fideliter
1201 1018 1357 1100 percepta
1372 1015 1471 1098 atque
1551 1046 1553 1054 ¹

393 1124 503 1192 animo
529 1121 769 1213 comprehensa
801 1131 942 1194 teneret.
974 1122 1061 1192 Illud
1092 1132 1203 1193 autem
1234 1122 1333 1201 etiam
1361 1122 1471 1191 mani-

391 1228 508 1309 festius
521 1237 704 1329 apparebit,
724 1239 751 1308 si
769 1258 835 1309 neu
851 1240 997 1330 singulas
1007 1246 1118 1330 partes
1131 1239 1189 1309 sed
1203 1246 1376 1330 perpetuae
1396 1258 1472 1309 ura-

394 1355 493 1425 tionis
504 1355 656 1425 'colorem
676 1350 946 1427 consideraveris.
967 1357 1120 1427 invenies
1142 1356 1229 1427 enim
1249 1355 1396 1447 antiquis
1416 1375 1472 1426 co-

392 1475 486 1545 micis
507 1473 647 1545 similem
665 1494 739 1545 esse
754 1475 945 1557 lucianum,
963 1458 1034 1543 tum
1049 1474 1136 1555 aliis,
1155 1481 1226 1543 tum
1245 1471 1468 1562 Aristophani,

392 1590 482 1681 quod
498 1592 763 1679 comparationes
783 1598 816 1659 et
834 1589 903 1659 lere
923 1588 1056 1659 easdem
1073 1587 1118 1678 (1)
1139 1595 1333 1658 sectaturet
1351 1585 1472 1657 eudem

391 1706 492 1776 modo
514 1705 556 1795 (9)
578 1708 674 1775 iterat
692 1714 725 1774 et
740 1706 922 1787 continuat,
946 1703 1037 1795 quod
1051 1702 1178 1792 lepidas
1194 1711 1227 1772 et
1246 1701 1402 1772 ridiculas
1419 1720 1471 1770 re-

392 1823 572 1914 petitiones
589 1821 636 1912 (3)
653 1820 803 1903 adhibet,
819 1820 920 1891 rerba
934 1828 990 1889 eut
1002 1818 1160 1905 audenter
1173 1817 1267 1907 fingit
1279 1824 1335 1886 eut
1353 1816 1473 1888 callida

388 1937 542 2027 junctura
559 1935 698 2005 leliciter
711 1956 796 2006 nova
812 1934 949 2020 reddit,
960 1922 1097 2015 mediis,
1120 1934 1209 2025 quod
1221 1934 1390 2005 interdum
1406 1943 1475 2004 tra·
1497 1987 1504 2000 .

391 2042 496 2141 gicam
521 2052 652 2123 allectat
684 2051 728 2141 (1)
754 2053 946 2137 gravitatem
973 2060 1006 2123 et
1032 2051 1065 2120 in
1086 2051 1200 2141 figuris
1220 2051 1346 2145 lascivit
1372 2063 1473 2142 atque

392 2168 528 2249 exultet,
552 2168 646 2238 noris
673 2176 706 2237 et
735 2168 910 2237 llenandro
931 2167 1128 2258 praesertim,
1160 2167 1250 2258 quod
1274 2168 1473 2258 plerumque
1493 2169 1522 2206 ·'

392 2282 589 2373 aequabilem
604 2289 696 2352 tenet
711 2283 870 2351 orationis
881 2282 1036 2364 sormam3
1051 2283 1207 2354 omnibus
1222 2283 1367 2375 denique
1384 2284 1474 2374 quod

329 2426 338 2439 ²
392 2396 592 2486 longissimis
628 2398 935 2467 enumerationibus
972 2396 1018 2488 (5)
1050 2398 1093 2468 ad
1128 2398 1338 2468 excitandum
1370 2399 1474 2468 risum
1551 2414 1553 2419 ’

393 2511 486 2582 valde
508 2512 767 2582 accommodatis
790 2513 905 2594 utitur,
927 2515 1016 2605 quod
1035 2516 1231 2607 plerumque
1252 2535 1319 2585 non
1343 2518 1476 2588 astricta

393 2626 535 2716 quadam
563 2626 740 2697 verborum
775 2628 1073 2732 comprehensione
1113 2630 1295 2700 sententias
1330 2629 1475 2700 devincit

393 2741 550 2823 oratorie,
571 2741 631 2811 sed
651 2741 692 2811 ad
711 2742 893 2833 quotidiani
909 2744 1071 2815 sermonis
1088 2744 1338 2815 similitudinem
1353 2745 1475 2814 liberas

394 2866 426 2927 et
449 2857 576 2928 solutas
598 2860 706 2949 vagari
727 2868 761 2929 et
787 2843 961 2930 extumere
981 2860 1080 2943 sinit,
1100 2860 1243 2951 denique
1258 2844 1361 2949 'qued
1383 2860 1475 2950 inge-

394 2976 489 3046 niose
507 2976 598 3057 dicit,
614 2996 723 3067 neque
739 2976 845 3046 ullum
860 2976 990 3046 ridiculi
1003 2976 1112 3046 locum
1125 2975 1355 3065 praetermittit.
1370 2979 1473 3046 Nemo

394 3090 708 3180 omnium‘unquem
728 3090 789 3160 luit
808 3092 865 3182 qui
886 3093 994 3181 turpia
1011 3089 1164 3159 subtilius
1192 3089 1470 3180 deprehenderet,

355 3219 360 3230 ’
394 3202 512 3273 salsius
532 3204 710 3285 derideret,
729 3224 827 3273 nemo
846 3205 901 3294 qui
923 3205 1042 3274 melius
1064 3205 1204 3274 ironiam
1231 3205 1274 3295 (6)
1306 3213 1471 3285 tractaret,

342 3490 344 3494 ·
426 3467 461 3533 (1)
475 3469 569 3531 liquit,
587 3472 650 3519 1390
667 3456 815 3530 (Σπονδαὶ).
832 3496 864 3507 -
879 3469 943 3527 Pax,
965 3470 1012 3518 813
1034 3476 1058 3517 et
1083 3484 1137 3536 seq.
1157 3458 1288 3537 (Oropia).
1306 3498 1338 3508 -
1358 3473 1472 3534 lucian„

393 3560 491 3618 Timon,
510 3561 599 3609 15-18.
615 3560 658 3609 bis
674 3569 794 3624 accusat,
811 3562 841 3609 31
858 3568 953 3624 etseq.

427 3652 462 3718 (8)
477 3654 645 3712 Acharneus,
660 3654 709 3704 ’163
724 3662 817 3717 etseq.
832 3680 864 3689 -
878 3653 993 3710 Luciam,
1010 3652 1108 3712 Timon,
1127 3656 1213 3704 15-18.

427 3751 459 3817 (8)
473 3752 564 3816 Jupit,
581 3754 717 3816 uenturae,
731 3746 874 3827 ἄτρακτος,
892 3761 916 3815 4,
934 3761 962 3819 6,
977 3750 1098 3827 εἵμαρτο,
1116 3758 1141 3817 8,
1158 3757 1182 3813 9,
1201 3757 1240 3805 19.

343 3875 347 3881 ·
426 3856 459 3922 (4)
473 3860 586 3919 Amores,
607 3861 713 3923 passim.
729 3890 761 3900 -
776 3864 900 3921 Quomod.
916 3863 976 3912 hist.
996 3877 1017 3912 s.
1034 3860 1171 3922 conscrib„
1190 3864 1217 3920 l,
1232 3851 1469 3934 ipprlexcipeduoc.

394 3952 432 4001 Cf.
446 3954 578 4016 hleineclr.,
593 3956 685 4007 Hister.
700 3959 785 4008 critica
799 3960 889 4009 comio.
905 3975 939 4023 g„
956 3975 981 4024 p.
995 3961 1042 4009 991
1060 3966 1084 4008 et
1099 3971 1152 4021 seq.
1243 3959 1248 3968 ’

426 4039 460 4105 (5)
476 4044 574 4103 Timon,
589 4049 610 4094 1.
623 4073 655 4083 -
670 4048 706 4096 Cf.
722 4048 854 4107 heineck,
864 4050 935 4112 trag.
948 4048 1037 4099 comio.
1048 4063 1082 4112 g„
1098 4048 1128 4109 ll,
1144 4047 1214 4105 rote,
1227 4048 1300 4108 1079,
1311 4048 1368 4097 858.
1386 4076 1417 4085 -
1429 4048 1472 4107 lll,

396 4132 452 4190 182,
470 4134 525 4191 185,
543 4137 599 4194 568,
615 4136 673 4186 570.

427 4222 463 4289 (6)
477 4224 554 4277 Vitat.
570 4228 663 4287 auctio,
678 4232 704 4279 ⁵.
724 4255 749 4266 -
765 4229 868 4288 Piscat,
885 4233 909 4280 8.
926 4258 957 4268 -
969 4231 1092 4294 Hermot,
1108 4233 1149 4289 56,
1165 4228 1207 4281 st.
