3425 5167
770 572 810 583 ..
832 544 870 602 28
894 574 931 583 ..

315 663 396 732 dore
422 664 563 734 detraxit
587 676 668 737 aetas
695 669 796 737 :imo
823 689 901 739 vero
931 672 1019 741 haud
1046 693 1161 762 parum
1187 674 1391 743 auctoritatis

316 787 462 848 vetustas
491 780 564 870 ipsa
584 782 647 851 illis
672 783 797 852 addidit
821 805 828 848 :
851 785 951 876 idque
979 787 1086 856 effecit
1113 787 1286 871 Lucienus,
1313 787 1392 856 dum

314 893 395 962 vera
416 896 527 984 potius
554 918 654 987 quam
676 918 762 968 nova
786 901 965 970 lectoribus
989 923 1175 993 proponere
1194 904 1336 982 uolebat,
1356 913 1393 973 ut

315 1026 382 1094 uon
398 1028 467 1078 suae
484 1018 611 1079 tantum
628 1012 735 1082 aetatis
751 1014 812 1082 sed
823 1016 972 1086 omnium
988 1026 1176 1108 temporum
1192 1039 1301 1088 mores
1315 1019 1394 1089 fide·
1422 1034 1427 1042 “

314 1124 389 1193 liter
404 1125 593 1215 depinxisse
608 1129 770 1200 rideatur.
788 1136 903 1223 ltaque
924 1135 1013 1204 nulla
1034 1138 1104 1226 ejus
1120 1156 1220 1225 opera
1241 1146 1273 1205 et
1295 1138 1392 1227 vulgo

315 1239 545 1331 imperitisque
571 1252 603 1311 et
621 1246 842 1334 prudentibus
865 1249 1037 1342 doctisque
1061 1253 1291 1322 vehementius
1305 1250 1395 1342 'pro-

316 1353 451 1436 bantur,
480 1356 571 1425 nulla
591 1379 664 1428 curn
695 1363 820 1451 majore
846 1364 1015 1453 voluptate
1043 1375 1076 1434 et
1100 1365 1321 1436 delectatione
1347 1369 1395 1436 le-

316 1479 447 1559 guntur.

822 1628 887 1707 §a

759 1810 803 1859 nn
824 1810 970 1875 nonnis„

366 1982 491 2051 Scitum
517 1990 567 2056 est
592 1982 673 2052 illud
688 1983 824 2052 Hesiodi
847 1991 983 2070 :puctcc
995 1991 1141 2071 poclum
1158 1982 1337 2065 inuidere3
1358 1984 1398 2054 de

321 2099 421 2167 nullis
441 2106 552 2167 aulem
568 2100 677 2187 poetis
695 2100 804 2168 verius
823 2119 921 2190 quam
937 2100 978 2169 de
995 2099 1145 2179 comicis,
1167 2101 1223 2189 qui
1246 2107 1278 2167 et
1302 2101 1398 2188 quasi

322 2214 415 2284 civile
426 2214 513 2283 inter
524 2235 559 2283 se
575 2224 607 2283 ct
618 2223 791 2283 externum
805 2236 880 2284 cum
892 2215 1023 2303 tragicis
1035 2224 1067 2284 et
1080 2215 1182 2305 epicis
1195 2214 1318 2283 bellum
1332 2215 1400 2285 iere

321 2337 653 2419 semper'gesseruut.
671 2336 749 2412 Quae
766 2331 883 2400 comici
901 2330 1058 2399 adversus
1071 2315 1216 2399 comicos
1232 2330 1397 2412 dixerunt,

321 2446 458 2518 umnino
475 2446 650 2534 negligam,
668 2446 824 2535 quoniam
841 2445 1004 2514 Lucianus
1022 2445 1166 2531 comicos
1184 2464 1346 2534 nusquam
1360 2447 1402 2514 la-

323 2562 470 2643 cessivit,
492 2570 525 2630 et
541 2562 682 2650 primum
703 2560 744 2629 de
765 2560 896 2650 tragicis
914 2580 1019 2648 agam.
1040 2559 1101 2628 Hic
1118 2567 1230 2628 autom
1250 2562 1400 2630 eamdem

323 2678 391 2745 iere
410 2697 508 2766 quam
529 2676 609 2745 alias
629 2675 849 2746 differentiam
866 2676 954 2745 inter
968 2686 1036 2744 tres
1056 2675 1235 2744 comoedias
1253 2676 1401 2764 reperie-

324 2813 411 2863 mus,
428 2794 568 2883 Antiqua
582 2792 705 2882 duplici
720 2793 770 2860 via
784 2792 924 2881 tragicos
938 2790 1135 2881 aggreditur,
1148 2790 1226 2858 dum
1241 2801 1273 2858 et
1288 2809 1401 2859 eorum

325 2918 502 2978 autunum
519 2910 871 3000 alterumqueversum
890 2915 945 2975 aut
962 2925 1120 2996 personas
1140 2914 1295 2995 totasque
1313 2905 1404 2975 iabu-

325 3025 373 3093 las
392 3035 522 3112 παρῳδεῑ,
545 3032 578 3093 et
595 3024 637 3112 (id
654 3032 765 3093 autem
782 3043 881 3112 quam
897 3033 1120 3112 saepequam
1137 3021 1274 3091 ridicule
1293 3022 1401 3102 iaciat,

330 3159 447 3207 omnes
462 3147 636 3219 noverunt,
654 3158 763 3227 neque
783 3156 920 3206 necesse
939 3131 1043 3205 ullum
1066 3136 1182 3204 afferre
1202 3136 1404 3225 exemplum)

281 3294 283 3300 ·
327 3264 360 3323 et
380 3254 469 3342 ipsos
491 3254 680 3334 insectatur,
705 3253 796 3342 ipsos
819 3254 851 3320 in
875 3271 1007 3320 scenam
1029 3250 1229 3321 deridendos
1249 3252 1403 3321 traducit.

308 3444 310 3446 ,
327 3372 396 3439 Huc
414 3377 524 3438 autom
538 3368 571 3436 in
585 3368 656 3437 loco
672 3368 852 3458 posteriore
870 3366 992 3455 saepius
1007 3365 1134 3434 habitat
1149 3373 1181 3435 et
1200 3366 1405 3444 immoratur,

328 3484 361 3551 io
379 3483 442 3552 hoc
457 3482 615 3551 libentius
630 3501 665 3551 se
680 3482 798 3571 jactat,
815 3480 903 3550 huuc
920 3480 1088 3570 copiosius
1106 3481 1256 3570 explicat.
1275 3482 1408 3571 Euripi-

321 3602 386 3679 ,des
407 3601 542 3689 quidem
557 3600 811 3689 reprehenditur
832 3619 851 3665 a
875 3599 1009 3667 Platone
1030 3597 1072 3666 ob
1093 3598 1136 3688 (t)
1154 3608 1347 3685 cippampt-t,
1366 3595 1407 3664 ab

328 3718 545 3805 Aristophane
559 3726 694 3809 propter
707 3725 870 3808 argutum,
879 3715 1011 3796 subtile,
1024 3715 1264 3785 sententiosum
1276 3715 1408 3784 dicendi

329 3854 455 3923 gonus;
478 3833 536 3903 sed
556 3833 660 3902 multo
678 3833 839 3914 crebrius,
857 3833 961 3902 multo
980 3833 1087 3903 aerius
1105 3831 1299 3921 exagitatur,
1318 3821 1408 3920 quod

331 3952 470 4022 civitatis
491 3970 601 4021 mores
623 3959 829 4040 corrumpat,
854 3950 1007 4040 antiquas
1033 3947 1209 4038 opiniones
1230 3946 1407 4016 exanimis

332 4067 459 4148 evellat,
479 4086 580 4136 novas
596 4067 735 4147 inserat,
757 4066 877 4135 molles
898 4072 931 4133 et
948 4064 1083 4152 ignavos
1104 4060 1289 4131 etfortibus
1312 4068 1344 4130 et
1359 4060 1410 4128 in-

364 4264 397 4329 (l)
415 4263 547 4323 dieiudex,
561 4264 603 4321 ΙΙΙ,
618 4265 676 4311 218.
