3425 5167
779 578 816 589 -
839 548 878 606 95
901 578 937 589 .-

244 739 247 744 .
318 695 437 765 parum
455 676 657 745 mulierosus
673 683 743 745 erat
767 663 997 755 Lucienus,'et
1025 677 1072 745 illi
1096 678 1158 746 soli
1183 677 1340 747 simulant
1361 699 1397 766 se

317 789 413 858 valde
438 790 595 859 mulieres
623 790 734 859 odisse
761 789 818 879 qui
841 809 904 887 pos
930 791 1073 859 maxime
1098 797 1220 858 amant.
1255 797 1411 882 Quoquo.

318 905 419 974 modo
448 924 483 974 se
509 924 563 974 res
589 905 705 995 habet,
728 905 816 973 solas
835 904 1026 974 meretrices
1046 905 1080 974 in
1108 925 1241 976 scenam
1271 907 1396 976 inducit

318 1041 428 1111 neque
455 1041 511 1091 eas
532 1020 683 1111 proprias
708 1021 767 1090 sed
793 1027 880 1089 totas
899 1020 967 1090 lere
993 1021 1134 1101 alienas,
1163 1022 1249 1090 sicut
1272 1021 1396 1111 etglo-

317 1138 425 1207 riosos
439 1138 562 1207 milites
582 1157 666 1225 quos
686 1136 915 1206 meretricibus
934 1138 1093 1227 adjungit.
1117 1137 1278 1207 Timocles
1297 1146 1397 1226 poeta

316 1255 472 1341 llyrtalen
493 1253 556 1322 sibi
583 1252 747 1323 vindicare
777 1253 977 1343 possitquae
1003 1261 1184 1322 amatorem
1214 1273 1395 1343 pauperem

317 1385 384 1435 non
412 1367 483 1435 sine
513 1365 643 1454 probris
671 1374 704 1433 et
734 1364 935 1435 contumelia
965 1385 982 1434 e
1009 1365 1135 1434 foribus
1163 1365 1307 1435 excludit
1328 1367 1391 1457 (t);

315 1483 493 1552 Menander
508 1483 686 1572 jactantem
701 1481 918 1551 Leontichum
935 1481 992 1570 qui
1017 1481 1175 1551 terribilia
1201 1490 1233 1551 et
1250 1482 1394 1552 incredi-

316 1596 395 1668 bilia
410 1618 469 1666 sua
489 1598 634 1667 facinora
648 1617 785 1667 narrans
810 1597 950 1666 amicam
968 1598 1065 1686 lugat,
1086 1607 1128 1678 et,
1151 1580 1230 1667 dum
1248 1617 1320 1667 earn
1341 1619 1396 1668 re-

315 1722 429 1795 vocat,
449 1714 543 1782 lateri
568 1713 696 1802 cogitur
715 1733 751 1783 se
766 1714 846 1781 nihil
869 1714 1004 1783 omnino
1024 1714 1091 1782 veri
1113 1714 1235 1783 dixisse
1257 1715 1312 1801 (2),
1338 1725 1395 1785 ant

316 1848 472 1920 magnum
498 1828 591 1896 illurn
606 1828 747 1897 AEtolum
764 1848 782 1897 e
799 1828 893 1916 cujus
908 1848 1020 1897 amore
1047 1829 1129 1896 nihil
1152 1829 1215 1897 nisi
1235 1829 1339 1919 plagae
1363 1840 1395 1900 et

316 1944 390 2013 lites
417 1944 503 2014 redit
527 1948 579 2033 (3),
609 1953 665 2012 aut
684 1925 898 2013 Polemonem
929 1945 981 2014 oui
1009 1945 1226 2015 Philostratus
1254 1947 1394 2016 amicam

316 2061 414 2151 eripit
438 2081 583 2151 eumque
613 2062 867 2150 objactantiam
898 2061 1103 2151 lepidissime
1133 2061 1258 2131 irridet.
1290 2063 1393 2131 Multo

316 2176 427 2265 plures
445 2195 603 2265 personas
622 2176 789 2245 vindicare
811 2184 947 2266 possent
970 2175 1087 2246 comici
1105 2176 1132 2244 si
1158 2176 1290 2245 illorum
1311 2198 1394 2267 ope-

315 2290 408 2359 ribus
426 2299 505 2359 aetas
530 2290 758 2379 pepercisset:
782 2290 986 2359 vindicarent
1010 2290 1192 2378 Glycerium
1219 2290 1262 2380 (t)
1284 2311 1394 2380 quaea

316 2411 468 2494 Gorgona
488 2406 684 2497 subreptum
703 2403 807 2473 luisse
831 2404 973 2474 amicum
995 2406 1156 2494 queritur,
1183 2407 1393 2495 superstitio-

315 2540 384 2588 sam
410 2520 565 2589 Melittam
596 2539 669 2608 quae
697 2518 897 2588 carminibus
926 2520 1060 2609 magicis
1090 2520 1266 2590 Charinum
1297 2542 1394 2591 revo-

316 2655 388 2704 care
410 2633 453 2721 (5)
472 2641 593 2711 tentat,
614 2634 762 2723 Myrtium
775 2655 848 2724 quae
865 2654 981 2704 omnes
998 2633 1132 2704 adhibet
1150 2633 1190 2723 (6)
1208 2635 1389 2725 machinas,

261 2843 265 2849 Ι
315 2752 435 2819 coelum
451 2771 488 2819 ac
514 2759 631 2819 terram
648 2750 765 2819 miscet
785 2758 822 2818 ut
840 2749 1084 2838 Pamphilum‘a
1102 2750 1313 2820 matrimonio
1334 2752 1394 2820 de-

315 2873 446 2946 terreat,
464 2865 674 2953 ingeniosam
692 2874 725 2935 et
737 2864 855 2934 fortem
876 2864 1066 2954 Chrysidem
1084 2858 1213 2954 (ll‘qnae
1230 2865 1391 2954 Ampelidi

315 2999 380 3049 non
401 2980 612 3049 mediocriter
626 2981 821 3071 repugnanti
836 2981 1036 3069 persuadere
1053 2960 1190 3049 conatur
1206 2988 1392 3049 amatorum

313 3098 511 3188 zelotypiam
530 3099 736 3170 excitandam
748 3118 830 3176 ¹esse
850 3117 975 3187 eosque
994 3096 1083 3167 solos
1103 3097 1190 3167 bene
1205 3117 1315 3166 amare
1336 3098 1392 3187 qui

314 3210 400 3280 bene
419 3212 606 3295 verberent,
627 3213 773 3303 denique
788 3210 1107 3291 matresPhilinuae,
1130 3211 1260 3280 llusarii
1281 3221 1314 3280 et
1329 3216 1393 3281 Co-

315 3326 418 3395 rinnae
437 3347 511 3416 quae
530 3327 614 3395 tilias
634 3336 738 3397 artem
765 3328 985 3396 meretriciam
1012 3326 1134 3396 docere
1159 3346 1225 3396 non
1254 3326 1393 3397 erubes-

314 3451 393 3510 cunt
409 3442 468 3532 (8).
489 3442 574 3512 Illud
593 3463 698 3512 unum
722 3443 862 3512 fortasse
889 3441 1022 3511 Luciani
1043 3461 1117 3510 vere
1142 3444 1314 3530 proprium
1341 3440 1409 3510 est‘
1460 3439 1462 3444 ’

346 3635 380 3701 (ι)
396 3636 533 3696 uernam,
548 3637 596 3696 111,
612 3637 669 3687 eor.

346 3728 379 3793 (a)
430 3728 471 3778 rc.
549 3728 811 3788 tv,168,aoo‚277.

346 3819 380 3884 (3)
431 3806 486 3868 nr?
550 3821 664 3876 1r‚ree.

346 3911 380 3976 (4)
397 3912 493 3974 Dialog.
507 3920 618 3969 mereto,
636 3914 657 3959 i.

347 4006 378 4064 (5)
477 4002 519 4051 rc.
635 4006 659 4051 4.

346 4094 380 4161 (c)
480 4094 520 4145 ro.
637 4098 661 4144 a.

348 4187 383 4252 (τ)
483 4186 524 4236 rc.
638 4189 662 4235 a.

346 4276 390 4345 (8)·
474 4260 521 4329 rc.
639 4284 663 4339 a,
679 4284 703 4338 c,
719 4280 744 4329 7.
