3425 5167
748 533 948 618 f-gp-

326 689 551 779 potiusquam
572 689 614 758 ad
639 709 750 759 reram
776 707 921 777 pugnam
942 695 974 756 et
1000 687 1246 778 dimicationem
1267 690 1401 772 scribat,

325 806 473 898 quamvis
498 806 592 875 lamae
624 806 862 897 potiusquam
890 803 1024 873 utilitati
1055 806 1222 887 consulat,
1253 808 1403 897 quamvis

324 921 436 990 omnia
472 930 645 1011 expromat
679 919 837 991 orationis
873 925 1083 1001 ornamenta,
1120 920 1256 989 minime
1291 929 1403 991 tamen

324 1032 1403 1125 omniumiogeniosanrorationemsectatur:imoveroingeniosos

323 1157 502 1230 aversatur,
515 1149 595 1229 odit,
607 1147 733 1218 ironice
742 1146 929 1223 miseratur,
942 1144 1279 1229 execraturdicerem,
1293 1146 1321 1215 si
1331 1165 1405 1217 exe·

322 1262 404 1332 orari
423 1270 455 1331 et
472 1262 633 1351 indignari
651 1270 765 1352 posset
784 1266 958 1332 Isocrates.
976 1274 1148 1350 raptemur
1162 1273 1280 1348 optatam
1296 1268 1333 1350 (ot
1347 1297 1403 1333 πα·
1462 1277 1472 1285 ·

320 1377 403 1458 ripae)
418 1385 463 1438 καὶ
482 1383 512 1436 οὐ
536 1380 762 1456 βωμολοχεύεσθαι
785 1383 829 1435 καὶ
854 1382 916 1442 τοὺς
944 1379 1118 1455 εὐτραπελούς
1146 1376 1173 1433 δὲ
1201 1382 1245 1435 καὶ
1276 1384 1402 1437 σκώπτειν

249 1559 252 1567 Ι
320 1490 496 1567 δυναμένους,
525 1493 570 1555 οὓς
596 1497 642 1546 νῦν
668 1493 766 1566 εὐφυεῖς
795 1487 992 1568 (ingeniosos)
1023 1494 1283 1567 προσαγορεύουσιν,
1313 1495 1403 1549 ἐκεῖνοι

319 1605 464 1684 δυστυχεῖς
490 1608 607 1684 ενόμιζεν
634 1610 685 1680 (tt.
706 1594 786 1662 Vide
806 1594 976 1683 quomodo
997 1612 1050 1662 ros
1073 1593 1225 1661 hnmanae
1248 1611 1321 1662 sese
1341 1593 1404 1664 ha-
1425 1603 1445 1634 ⁰

320 1707 448 1793 beant;
473 1709 657 1800 saepissime
682 1708 845 1779 comoedia
872 1708 1061 1779 rhetoribus
1088 1717 1262 1798 corruptos
1291 1730 1402 1781 mores

321 1816 435 1916 objicit
465 1844 591 1915 eosque
620 1823 810 1915 reipublicae
837 1801 966 1913 pestem
994 1832 1089 1894 vocat
1123 1848 1130 1893 :
1167 1844 1255 1921 nunc
1289 1824 1404 1895 rhetor

321 1939 493 2009 comoediae
515 1937 585 2029 (qui
611 1939 699 2015 erum
724 1939 843 2007 melios
864 1958 963 2028 qnam
984 1938 1099 2008 cornici
1121 1958 1325 2021 scurrarum,
1351 1940 1403 2009 di-

320 2054 447 2124 cacium
469 2062 503 2122 et
522 2053 708 2123 derisorum
734 2054 869 2122 nomine
898 2052 1061 2141 designari
1085 2053 1256 2143 possuntt)
1285 2056 1402 2125 eadem

319 2169 386 2238 lere
405 2168 544 2239 crimina
558 2169 698 2238 remittit
715 2193 721 2238 :
744 2170 925 2239 merito-ne
938 2190 978 2237 an
992 2189 1071 2252 non,
1088 2170 1170 2237 nihil
1186 2169 1227 2239 ad
1243 2189 1312 2239 rem
1330 2192 1403 2261 per-

319 2284 417 2365 tinet;
434 2283 493 2354 sed
516 2284 593 2354 inde
616 2285 696 2354 satis
721 2294 834 2375 aperte
852 2285 1038 2355 declaratur
1057 2292 1217 2374 quantum
1236 2304 1255 2353 a
1274 2287 1402 2356 comica

320 2399 519 2471 scurrilitate
543 2409 576 2471 et
594 2399 727 2470 levitate
748 2400 892 2469 oratoria
907 2400 1063 2488 majestas
1087 2399 1306 2490 gravitasque,
1329 2405 1401 2470 Iso-

318 2515 414 2584 cratis
432 2521 520 2584 certe
537 2524 699 2603 tempore,
714 2514 917 2597 abhorreret
941 2535 1002 2585 nec
1018 2496 1122 2585 multo
1140 2516 1249 2585 minus
1268 2536 1402 2607 semper
1455 2547 1461 2551 ·

317 2629 548 2719 apudGraeoos
564 2627 750 2712 abhorruit,
773 2628 830 2719 qui
846 2650 924 2699 suas
944 2632 1065 2721 cuique
1083 2631 1175 2720 operi
1194 2632 1346 2720 proprias
1358 2632 1401 2702 le-

318 2766 375 2835 ges
395 2745 665 2835 praescribebant,
685 2765 780 2816 suam
795 2745 997 2835 peculiarem
1011 2745 1150 2814 sormam
1173 2744 1398 2834 assignabant.

317 2861 433 2954 ltaque
460 2858 608 2948 quamvis
635 2858 758 2936 animo,
785 2858 813 2927 si
834 2877 899 2929 non
920 2875 1059 2947 genere,
1083 2860 1214 2927 Graecus
1228 2856 1271 2925 sit
1283 2859 1400 2927 Lucia-

318 2990 391 3054 nus,
403 2972 527 3041 nemini
542 2980 652 3042 tamen
670 2971 899 3061 gracorumttl
919 2981 1101 3052 oratorum,
1121 2970 1271 3041 Ciceroni
1285 2973 1398 3060 potius

318 3086 460 3156 libenter
477 3105 553 3155 eum
571 3086 828 3175 comparaverim
850 3093 1015 3175 :uterque
1033 3104 1100 3153 non
1121 3085 1240 3154 exilem
1264 3093 1296 3153 et
1312 3085 1399 3176 jeju-

317 3220 405 3280 nam,
417 3201 478 3271 sed
493 3202 636 3291 amplam
651 3204 889 3292 copiosamque
903 3202 1087 3271 orationem
1099 3202 1240 3283 adamat,
1255 3210 1398 3293 uterque

317 3313 468 3384 eamdem
500 3316 700 3384 sententiam
733 3314 1027 3404 pluribusverbis
1058 3315 1225 3405 explanat,
1254 3324 1397 3407 uterque

315 3429 498 3518 praesertim
518 3428 687 3519 ingenium
708 3437 854 3499 ostentat
881 3437 913 3499 et
938 3430 1118 3501 dicacitatis
1146 3430 1266 3499 lamam
1291 3452 1398 3504 aucu-

244 3592 248 3607 .
317 3552 430 3631 petor:
449 3563 514 3612 non
534 3542 672 3613 dicterio
688 3524 940 3614 Atheniensium
957 3554 990 3615 et
1005 3547 1136 3616 Graeciae
1151 3546 1290 3617 salutem
1304 3558 1397 3639 post-

315 3656 480 3745 posuisset
502 3659 742 3727 Demosthenes
764 3682 771 3727 :
795 3678 889 3729 suam
915 3660 1021 3749 ipsius
1044 3661 1173 3742 Cicero,
1203 3680 1297 3730 suam
1326 3667 1395 3731 Lu-

315 3770 429 3839 cianus
448 3771 619 3858 ingeniose
647 3772 820 3844 mordendi
851 3795 951 3844 eausa
969 3775 1125 3864 neglexit.
1144 3774 1256 3845 Cicero
1277 3775 1346 3870 sibi
1362 3777 1394 3845 in

313 3885 459 3955 animum
482 3885 610 3956 induxit
626 3888 667 3958 de
686 3889 819 3959 Octavio
836 3889 956 3972 dicere,
971 3891 1127 3980 juvenem
1142 3889 1236 3957 illum
1255 3888 1395 3960 laudan-

346 4190 379 4256 (l)
393 4192 592 4257 Areopagitious,
611 4194 649 4242 19.

346 4283 377 4344 (t)
392 4283 444 4332 Nisi
459 4283 523 4332 forte
537 4283 595 4332 divo
609 4283 701 4333 Joanni
716 4284 910 4347 chrysostomo,
926 4284 1019 4333 hsiano
1033 4291 1057 4332 et
1072 4284 1130 4348 ipsi.
