3425 5167
777 546 937 605 ...64-

322 678 488 767 pcstulet.·
503 684 593 748 Tunc
614 679 702 748 euim
727 678 860 749 inficeta
886 679 1137 762 solum,insulsa
1163 687 1196 748 el
1216 679 1333 771 lrigida
1353 681 1403 750 di-

321 810 393 861 cere
419 792 527 883 possit
554 813 561 857 :
588 812 677 861 nuuc
695 801 804 861 autem
825 790 1053 871 narrationes,
1087 790 1328 882 descriptiones
1354 793 1400 884 (l)

315 912 523 1005 jucunditate
538 909 741 979 etsuavila'te
759 909 873 999 plenas
889 907 1063 979 habemus
1081 908 1166 989 Quid
1180 908 1365 979 relerteum
1383 929 1403 977 a

318 1027 489 1118 proposito
500 1024 1103 1116 recedereetadmptlroorquemdam
1116 1023 1400 1117 (ipsiusrerbisldl

318 1145 405 1231 utor)
421 1142 626 1234 confugeret
642 1142 726 1213 Illud
739 1142 983 1213 tameumalum
999 1141 1078 1211 iude
1092 1144 1190 1211 traxit
1203 1142 1295 1232 quod
1311 1161 1400 1211 com-

319 1259 456 1351 parandi
472 1260 748 1330 consuetudinem
763 1258 950 1328 necessario
967 1266 1096 1347 captam
1121 1265 1178 1327 aut
1192 1277 1325 1347 semper
1343 1277 1398 1328 re-
1456 1305 1460 1315 ·

320 1376 423 1447 tinere
439 1376 553 1457 voluit,
567 1384 624 1445 aut
636 1395 806 1465 nunquam
822 1374 991 1463 deponere
1005 1375 1126 1464 potuit.
1142 1380 1219 1446 Haec
1235 1383 1286 1445 est
1300 1395 1401 1446 causa

320 1510 427 1583 neque
452 1492 516 1561 alia
531 1510 590 1561 cur
606 1483 695 1581 apud
712 1510 789 1560 eum
804 1472 1008 1560 incredibilis
1027 1489 1095 1560 lere
1114 1492 1399 1581 comparationum

319 1613 481 1676 uumerus
496 1614 655 1682 occurrat.
674 1626 742 1686 cur,
759 1614 796 1674 ut
816 1625 920 1673 uuum
937 1604 979 1674 de
995 1606 1109 1675 mullis
1136 1607 1325 1696 exemplum
1343 1608 1400 1677 eli-

319 1742 401 1811 gam,
420 1742 495 1792 cum
513 1721 667 1791 Pantheae
692 1704 973 1811 pulchritudinem
991 1720 1060 1790 vult
1080 1721 1215 1790 laudare
1234 1722 1398 1791 Lucienus

319 1846 350 1907 et
366 1838 513 1930 sormam
522 1837 713 1927 depingere,
732 1836 820 1904 illam
835 1835 1009 1925 Polygnoti
1027 1836 1239 1922 Cassandra,
1253 1834 1399 1925 Euphra-

318 1952 406 2021 noris
425 1955 567 2034 lunoni,
586 1953 915 2032 AetionisRoxauae,
938 1952 1060 2042 Apellis
1084 1957 1209 2023 Pacate
1238 1952 1395 2023 conferat.

316 2070 363 2136 Ita
379 2065 699 2148 laudarilemiuam,
726 2068 771 2135 ita
794 2068 890 2136 variis
911 2086 950 2135 ex
972 2067 1146 2137 elementis
1165 2068 1236 2157 ejus
1252 2066 1395 2158 effigiem

317 2182 461 2266 conflari,
482 2183 637 2253 omuibus
665 2184 784 2253 mirum
813 2183 917 2253 videri
946 2204 1056 2273 posse,
1088 2183 1191 2274 probe
1216 2183 1394 2274 intelligo:

317 2318 522 2388 quanquam,
546 2300 573 2369 si
598 2308 630 2369 et
654 2319 714 2389 ego
734 2300 782 2368 uti
811 2301 1059 2389 comparatione
1084 2301 1200 2382 velim,
1226 2321 1396 2392 uunquam

317 2414 436 2485 adduci
453 2417 578 2505 possim
594 2424 630 2484 ut
651 2415 835 2486 lucianeam
853 2416 1032 2485 Pantheam
1057 2416 1396 2486 horatianomonstro

316 2511 515 2619 componere
535 2530 690 2599 audeam.
718 2533 827 2611 Quum
854 2530 942 2599 enim
967 2530 1095 2610 Zeuxis,
1125 2531 1152 2599 si
1176 2529 1332 2619 Dionysio
1349 2530 1396 2621 (3)

263 2673 268 2678 ·
314 2641 554 2713 halicarnasseo
569 2644 724 2724 creditur,
736 2642 1039 2713 hauditaahsimili
1052 2644 1271 2713 ratioueusus
1285 2644 1394 2726 luerit,
1454 2652 1456 2656 ’

315 2764 351 2825 ut
372 2758 533 2827 Helenam
557 2757 720 2849 pingeret,
744 2758 824 2848 quid
843 2758 977 2827 taudem
1001 2757 1211 2845 indignemur
1236 2756 1263 2825 si
1289 2758 1397 2848 pictor

315 2880 347 2940 et
367 2873 440 2962 ipse
455 2872 618 2947 Lucienus
637 2873 774 2962 pictoris
795 2873 983 2961 exemplum
1001 2879 1136 2958 seculus
1152 2876 1227 2940 est‘l
1244 2872 1309 2941 Sed
1323 2871 1395 2941 haec

314 2988 449 3070 omitto;
470 2988 551 3058 illud
567 2995 679 3057 autem
705 3007 781 3057 cave
797 3005 839 3054 ne
863 2985 978 3055 credas
992 2985 1091 3054 talem
1106 2985 1260 3054 Pantheae
1281 2986 1396 3075 imagi-

314 3121 390 3171 nem
419 3103 621 3192 expressisse
647 3103 827 3173 Luciauum
860 3101 938 3192 quia
970 3099 1158 3190 epicuream
1186 3099 1394 3190 disciplinam

313 3200 554 3307 amplexaretur
569 3226 602 3288 et
615 3218 853 3307 Epicureorum
869 3236 961 3285 more
979 3214 1145 3306 quidquid
1160 3212 1305 3303 plccecl
1316 3215 1395 3304 pcl-

315 3327 436 3399 rltrum
450 3349 520 3399 csse
533 3330 755 3400 existimaret:
773 3350 874 3420 quam
888 3328 1089 3398 senteutiam
1105 3331 1137 3397 iu
1151 3328 1222 3417 ejus
1237 3328 1394 3419 operibus

314 3443 497 3514 diutissime
527 3464 708 3536 quereres,
737 3464 907 3535 nunquam
932 3443 1073 3515 fortasse
1104 3443 1280 3534 reperires.
1309 3445 1394 3544 Quid

314 3567 378 3627 tam
394 3560 524 3631 alteros
539 3568 726 3650 repetamus
742 3568 775 3629 et
791 3560 971 3655 Epicurum
983 3561 1017 3630 in
1032 3561 1196 3651 judicium
1211 3567 1392 3632 vocemus?

313 3674 509 3763 Epicureum
528 3673 656 3763 aliquid
670 3674 702 3742 iu
720 3693 841 3762 genere
859 3672 990 3744 dicendi
1018 3674 1214 3756 Luciauum,
1231 3676 1299 3765 Jam
1316 3683 1392 3744 aule

290 3789 448 3858 iudicari
481 3798 513 3858 el
546 3809 622 3858 mcx
647 3788 753 3858 lusius
782 3790 1009 3859 demonstrare
1047 3788 1218 3860 conabor:
1247 3789 1306 3859 sed
1339 3789 1392 3859 hic

312 3906 407 3986 omui
419 3905 515 3994 culpa
532 3912 565 3973 et
581 3905 716 3975 crimine
734 3906 895 3994 Epicurus
913 3905 993 3973 mihi
1009 3904 1126 3974 abesse
1154 3905 1295 3986 videtum
1317 3924 1391 3974 cum

342 4072 375 4131 (Ι)
392 4029 455 4121 Vide
469 4071 610 4132 prasertim
625 4070 699 4119 Zeux.
716 4072 731 4118 3
746 4078 770 4118 et
784 4083 839 4132 seq.
851 4094 882 4105 -
897 4047 1028 4126 llerodot,
1043 4071 1067 4117 5.

265 4149 272 4166 κ
341 4167 375 4233 (2)
393 4170 495 4232 Scytha,
511 4174 534 4219 9.
547 4160 670 4235 βούλεσθε
684 4156 728 4216 οὖν
742 4160 791 4222 ἤδη
810 4149 934 4235 ἓπαγάγω
949 4167 983 4235 τῷ
998 4161 1069 4235 μύθῳ
1084 4160 1114 4213 τὸ
1129 4160 1218 4231 τέλος;

342 4261 376 4326 (3)
393 4263 427 4310 De
439 4262 492 4313 Vel.
510 4263 597 4326 script.
614 4276 726 4322 censum,
745 4266 768 4312 1.
