3425 5167
778 558 941 618 ,33-

317 684 415 771 gandi
431 703 532 753 causa
546 684 708 754 Lucianus
731 684 847 753 allerre
864 692 993 775 posset,
1023 692 1055 753 et
1083 686 1201 754 merito
1218 687 1400 775 reprehen-

316 800 447 870 dendus
461 801 613 889 estquod
632 809 758 868 tantum
773 801 806 868 in
818 799 1035 889 vituperando
1050 798 1174 867 abusus
1184 808 1235 868 est
1248 800 1396 888 ingenio.
1413 846 1416 850 -

358 915 491 985 tonsus
507 923 557 984 est
577 934 712 1005 qnoque
740 915 773 989 in
800 914 965 1010 laudando
998 938 1004 982 :
1036 914 1126 1004 quod
1158 915 1262 1003 prima
1287 918 1399 1006 specie

314 1028 435 1097 mirum
461 1027 565 1097 videri
597 1027 728 1115 poterit,
760 1026 889 1097 facilem
907 1036 1017 1096 tamen
1046 1025 1146 1095 hahet
1174 1027 1397 1098 intellectum.

315 1148 372 1213 list
389 1143 481 1213 enirn
495 1142 647 1240 ejusdem
665 1128 863 1219 temeritatis
884 1144 1095 1233 levitatisque
1110 1155 1144 1211 et
1156 1144 1281 1233 optima
1296 1145 1401 1213 maxi-

317 1276 436 1347 maque
455 1257 533 1343 (non
545 1256 613 1345 iarn
635 1256 676 1326 de
697 1257 870 1326 Timarcho
887 1266 920 1326 et
935 1258 1078 1339 Polluce,
1103 1259 1161 1327 sed
1188 1258 1229 1327 de
1254 1259 1419 1349 plriloso·=

315 1371 394 1460 plria
413 1381 447 1439 et
463 1370 624 1460 religione
639 1371 725 1461 dico)
743 1373 917 1453 insectari,
935 1382 1081 1462 carpere,
1106 1372 1255 1453 irridere,
1278 1380 1311 1441 at
1325 1393 1402 1463 pes-

315 1490 399 1558 sima
434 1488 661 1579 vilissimaque
689 1489 955 1578 commendare,
973 1489 1166 1579 praedicare,
1194 1491 1400 1580 summisque

315 1602 471 1672 laudibus
489 1602 617 1670 efferre.
633 1602 734 1672 Multa
747 1604 845 1673 istius
865 1604 954 1673 modi
972 1604 1123 1694 exempla
1137 1605 1234 1675 noltis
1256 1605 1400 1697 ollerunt
1427 1674 1429 1677 .

314 1718 432 1787 cornici
455 1735 541 1807 quos
557 1735 691 1805 semper
708 1717 741 1785 in
763 1718 853 1786 omni
878 1738 913 1787 re
932 1718 1084 1807 sequitur
1110 1718 1285 1801 Lucienus,
1314 1738 1402 1808 prae-

315 1832 437 1900 sertim
457 1830 577 1901 mediae
605 1830 778 1899 comoediae
814 1840 978 1903 auctores.
1011 1835 1052 1900 Ut
1084 1834 1397 1909 celeratomittam

317 1946 449 2035 quoties
468 1944 634 2014 Parasitos
648 1946 928 2036 Parasiticamque
941 1953 1045 2014 artem
1063 1944 1400 2032 magnificentissimis

318 2062 428 2132 verbis
447 2071 606 2132 ornarunt
624 2070 724 2152 atque
740 2060 963 2131 celebraruntl
989 2060 1071 2128 ludi
1088 2058 1307 2148 Antiphanem
1327 2060 1374 2148 (l)
1392 2083 1398 2128 :

298 2169 306 2189 ²
317 2156 486 2245 Parasitus
495 2175 649 2245 omnibus
659 2176 746 2244 vitiis
758 2163 857 2257 caret,
873 2175 1030 2246 omnibus
1044 2174 1220 2244 virtutibus
1234 2175 1398 2256 abundat;

317 2291 466 2360 omnium
486 2289 697 2359 lelicissimus
709 2298 774 2371 est,
794 2292 941 2379 exceptis
958 2299 1068 2358 tamen
1086 2287 1254 2369 divitibus
1275 2290 1400 2379 quippe

316 2406 371 2495 qui
388 2394 480 2475 omni
501 2425 592 2487 cura,
611 2406 702 2475 omni
723 2406 876 2475 molestia
894 2412 998 2485 vacet,
1022 2412 1055 2472 et
1076 2404 1147 2492 ejus
1169 2404 1333 2472 maximus
1359 2406 1402 2472 sit

318 2520 409 2591 labor
430 2522 557 2601 ludere,
575 2541 676 2595 suave
697 2521 820 2603 ridere,
849 2520 882 2588 in
906 2519 1052 2608 aliquem
1068 2518 1171 2607 jocari
1199 2526 1231 2587 et
1258 2518 1400 2588 multum

319 2634 449 2718 hibere;
470 2636 546 2705 audi
559 2637 741 2706 Diodorum
758 2636 818 2726 lai:
837 2640 895 2705 Ars
906 2635 1082 2703 Parasitica
1095 2634 1135 2703 ah
1151 2635 1233 2724 ipsis
1245 2635 1313 2703 Diis
1325 2634 1401 2702 des-

321 2749 439 2831 cendit,
456 2768 560 2839 quum
576 2757 701 2819 cetera>
718 2769 833 2818 omnes
847 2750 888 2819 ab
902 2748 1092 2818 hominihus
1107 2748 1250 2817 inventae
1264 2747 1397 2827 luerint

321 2862 502 2932 dolendum
521 2870 572 2931 est
587 2871 716 2932 tanturn
738 2864 828 2954 quod
844 2863 979 2932 Parasiti
996 2863 1141 2952 quidam,
1167 2871 1233 2931 tarn
1259 2863 1399 2953 pulchro

319 2978 451 3048 nomine
476 2978 621 3068 indigni,
649 2979 908 3068 praeclarissimae
937 2979 1015 3048 artis
1044 2978 1239 3068 dignitatern
1277 2980 1401 3068 turpis-

320 3092 402 3163 sima
430 3093 623 3164 adulatione
652 3103 883 3184 corrumpant;
909 3094 985 3163 andi
1015 3094 1195 3164 Pimoclem
1215 3095 1283 3184 (3lz
1308 3095 1435 3163 uela:

319 3208 402 3277 rium
416 3216 468 3278 est
481 3208 626 3279 Parasito
646 3208 845 3279 maledicere
868 3231 875 3275 :
896 3208 970 3297 quis
990 3210 1078 3279 enirn
1092 3208 1237 3278 Parasito
1261 3208 1401 3278 utilior?

322 3322 393 3410 quis
410 3320 540 3392 lacilius
553 3330 593 3391 et·
607 3323 766 3392 libentius
782 3322 823 3391 ad
840 3321 967 3392 domini
985 3322 1105 3397 alentis
1121 3341 1253 3405 sensus,
1273 3322 1401 3412 cupidi-

321 3443 415 3519 tates·
450 3437 536 3508 dicta
564 3446 596 3507 et
622 3438 708 3508 lacta
736 3457 809 3509 sese
835 3437 938 3508 flectit
955 3444 988 3505 et
1008 3437 1257 3506 accommodati
1280 3438 1401 3517 Quanti

320 3559 428 3619 autern
453 3553 590 3621 Parasiti
622 3553 723 3632 fiant,
746 3552 794 3621 vel
818 3572 858 3621 err
882 3554 945 3622 hoc
966 3573 1031 3621 ono
1056 3553 1137 3622 satis
1158 3562 1296 3643 apparet
1311 3553 1400 3643 qnod

322 3665 471 3735 eamdem
490 3667 679 3736 mercedem
698 3667 974 3757 accipiuntquam
995 3669 1051 3758 qui
1068 3670 1218 3759 Olympia
1237 3669 1397 3749 vicerunt,

321 3777 440 3878 cibaria
453 3780 579 3851 scilicet
601 3800 701 3851 :cum
717 3789 829 3849 autern
845 3782 955 3851 alieno
981 3793 1118 3874 sumptu
1143 3785 1264 3862 vivant,
1289 3803 1400 3853 nonne

323 3889 357 3960 in
374 3893 490 3963 eadem
504 3914 604 3965 causa
622 3903 700 3965 sunt
715 3903 815 3985 atque
830 3894 859 3963 si
876 3896 909 3963 in
929 3901 1089 3987 Prytaneo
1107 3900 1257 3969 alantur‘l

353 4071 384 4129 pl
395 4071 528 4132 lleineck„
543 4074 586 4127 lll.
597 4077 638 4133 45,
650 4074 692 4123 79.

354 4158 539 4224 (dllleinaielm
549 4164 593 4220 111.
610 4168 657 4214 543
670 4192 702 4205 -
715 4167 772 4215 545.

355 4250 388 4315 (a)
401 4254 534 4317 lernaea,
549 4258 665 4320 rmum,
681 4244 752 4307 595.ι
