3425 5167
781 566 946 628 „79-

314 812 423 870 ποιηταὶ
437 811 575 875 καλοῦσιν,
589 810 633 863 καὶ
647 809 765 885 μάλιστα
781 807 845 864 ὅταν
861 811 979 885 ἀπορῶσι
1001 810 1068 884 πρὸς
1082 809 1116 864 τοὶ
1135 812 1253 887 μέτρα...
1276 816 1329 867 ποῦ
1351 818 1398 867 νῦν
1454 859 1456 863 ⁴

314 939 358 972 σοι
368 920 384 978 d
394 916 573 992 ἐρισμάραγος
588 918 778 988 despatched
791 919 807 977 d
822 917 988 992 θαρύὸρομος
1000 918 1107 993 ὄροντο),
1122 915 1190 972 καὶὸ
1204 919 1344 986 endalesii,
1353 922 1398 978 καὶ

315 1024 434 1096 ἁργηεὶς,
453 1022 496 1077 καὶ
519 1017 675 1099 σμερδαλεός
696 1003 975 1097 κεραννὸς;”Λπαντα
993 1023 1044 1099 γὰρ
1059 1028 1146 1080 ταῦτα
1160 1024 1239 1098 λῆρος
1259 1021 1309 1084 ἤδη
1326 1026 1398 1080 ἀνα-

315 1130 472 1203 πέφηνε,καὶ
488 1129 587 1189 καπνὸς
601 1128 746 1195 ποιητικὸς,
757 1130 875 1202 ἀτεχνῶς
884 1126 934 1195 ἔξω
946 1135 994 1185 τοῦ
1007 1130 1129 1204 πατάγου
1139 1136 1189 1184 τῶν
1205 1131 1346 1208 ὀνομάτων.
1361 1133 1398 1188 Τὸ

317 1232 343 1291 δὲ
357 1232 476 1309 ἀοίδιμόν
495 1254 544 1289 σον
565 1234 610 1291 καὶ
624 1233 744 1293 ἑκηόὁλον
759 1233 839 1291 ὅπλον
861 1239 906 1291 καὶ
922 1234 1081 1311 πρόχειρον,
1100 1237 1146 1290 οὖν
1162 1223 1210 1291 oit’
1230 1234 1299 1300 ὅπως
1313 1240 1397 1302 τελέως

317 1346 417 1404 &piade
431 1344 474 1399 καὶ
488 1342 593 1417 ψυχρόν
604 1343 668 1412 ἐστι,
683 1339 747 1418 μηδὲ
757 1344 842 1417 ὀλίγον
859 1345 992 1418 σπινθῆρα
1005 1342 1083 1417 ὀργῆς
1093 1343 1162 1398 κατὰ
1177 1350 1227 1398 τῶν
1240 1341 1397 1400 ἀδικούντων

317 1457 501 1535 trapetum.
522 1452 562 1514 Et
585 1445 703 1515 eodem
720 1445 821 1515 modo
846 1445 880 1513 in
905 1448 1022 1513 Jorem
1039 1444 1232 1532 longissima
1249 1446 1398 1515 oratione

317 1560 428 1630 invehi
454 1560 587 1651 pergit:
611 1560 716 1649 qualis
739 1567 850 1629 autem
880 1561 923 1627 sit
949 1557 1012 1627 ista
1037 1558 1153 1639 oratio,
1184 1578 1202 1627 e
1226 1558 1398 1649 principiis

318 1674 413 1744 lacile
429 1683 479 1744 est
497 1674 658 1764 judicato,
682 1674 839 1763 quoniam
867 1673 982 1765 primis
1003 1681 1035 1743 et
1051 1674 1161 1743 media
1181 1682 1213 1742 et
1231 1683 1399 1763 postrema

317 1788 368 1857 vel
387 1788 530 1857 maxime
550 1789 754 1877 respondent
771 1797 803 1858 et
819 1788 1031 1857 concordant.
1053 1786 1307 1877 Philosophatur
1320 1792 1399 1857 Pau-

318 1911 428 1992 pertas
445 1926 452 1971 :
468 1921 535 1971 non
545 1903 626 1991 jam,
644 1910 680 1970 nt
692 1902 781 1992 apud
796 1901 1061 1992 Aristophanem,
1077 1901 1151 1971 inse
1162 1909 1195 1971 ct
1207 1896 1306 1984 serio,
1322 1924 1397 1994 quae

318 2019 446 2107 corpori
466 2018 567 2099 bona3
586 2020 696 2088 minus
716 2018 799 2101 luse,
816 2019 926 2087 minus
948 2020 1035 2088 serio
1066 2026 1164 2101 certe,
1184 2014 1258 2109 quaa
1285 2021 1396 2090 animo

317 2132 440 2215 alferat,
459 2141 698 2202 commemorat
710 2141 743 2201 et
759 2133 911 2222 exponit;
926 2132 992 2200 imo
1008 2151 1086 2202 vero
1105 2132 1234 2222 corpori
1250 2134 1396 2202 animum

317 2244 449 2342 videtur
464 2244 628 2334 praeferre,
646 2244 949 2333 sapientiamsibi
967 2245 1122 2314 comitem
1139 2246 1298 2336 adiunxit,
1324 2246 1398 2316 Vir-

320 2359 407 2428 tutis
426 2379 549 2428 nomen
577 2360 610 2426 in
638 2378 695 2428 ore
717 2359 832 2442 hahet,
857 2367 891 2430 et
906 2360 1039 2430 Plutum
1058 2360 1249 2449 gravissime
1269 2362 1399 2432 incusat

318 2473 1399 2567 quodlnjcrc'cmelloroleetc‘umsecumtrahatPhilosophatur

316 2589 448 2678 tupiter
482 2589 569 2677 ipse,
598 2589 749 2678 quamvis
779 2589 1056 2680 philosophorum
1086 2590 1334 2659 immodestiam
1365 2601 1397 2661 et

279 2760 283 2767 .
317 2704 521 2795 impietatem
543 2713 724 2790 execretur,
747 2706 897 2795 quamvis
909 2703 1151 2794 philosophum
1172 2708 1397 2795 Anaxagoram

316 2817 453 2887 lnlmine
471 2818 613 2887 obruere
633 2827 771 2887 conatus
785 2818 839 2887 sit.
858 2818 942 2899 Quid
959 2818 1072 2887 enim‘l
1088 2817 1220 2886 Plutum
1243 2797 1399 2887 avaris'et

318 2932 463 3022 prodigis
480 2931 602 3021 pariter
621 2932 740 3001 iratum
756 2932 907 3001 hortatur
924 2951 966 3001 nc
981 2931 1138 3000 adversus
1154 2930 1230 3000 illos
1247 2931 1399 3021 indigne-

317 3053 384 3126 tur;
405 3056 565 3135 utrosque
584 3045 670 3113 enim
691 3046 770 3115 satis
791 3064 963 3135 poenarum
982 3044 1059 3113 dare
1077 3062 1181 3134 quum
1197 3043 1244 3112 illi
1260 3066 1279 3110 «
1295 3044 1397 3114 veluti

286 3227 290 3235 k
316 3160 471 3228 tantalus
496 3179 553 3229 ore
582 3160 669 3230 sicco
696 3168 728 3230 ct
744 3160 858 3251 jejuno
887 3166 1035 3251 perstent
1061 3159 1102 3228 ad
1122 3162 1193 3229 aori
1224 3168 1409 3250 aspectum*

315 3273 400 3343 rictu
420 3273 554 3343 diducto
574 3273 722 3355 hiantes,
751 3274 785 3343 hi
806 3283 975 3345 autemut
999 3274 1143 3343 Phineus
1164 3294 1204 3347 ex
1223 3274 1397 3364 penitissi-
1485 3315 1489 3322 ·

316 3388 378 3456 mis
391 3387 541 3457 faucibus
556 3388 597 3457 ab
616 3391 753 3479 Harpyis
768 3390 851 3479 eripi
867 3389 1001 3459 videant
1019 3412 1036 3456 ν
1060 3390 1114 3477 (l).
1135 3392 1210 3457 lam
1226 3407 1303 3459 vero
1325 3390 1398 3478 ipse

315 3502 461 3591 ingratos
479 3503 603 3573 amicos
630 3504 686 3591 qni
709 3503 881 3574 Timonem
898 3523 1039 3593 egenum
1061 3502 1324 3592 dereliquerunt,
1349 3504 1397 3571 in-

315 3616 410 3686 vidiae
439 3619 479 3705 (2)
509 3617 714 3707 torquendos
743 3611 872 3688 tradere
895 3621 974 3688 satis
1004 3617 1136 3689 hahet:
1163 3638 1287 3687 novum
1318 3637 1397 3687 sane

316 3731 469 3819 supplicii
485 3750 590 3819 genus
606 3750 667 3800 nec
683 3731 854 3818 indignum
868 3732 958 3821 quod
972 3731 1013 3800 ab
1025 3731 1166 3820 Epicuro
1178 3730 1393 3801 inveniretur.
1461 3823 1463 3827 ι

314 3848 361 3914 lte
377 3845 551 3936 Thrasycle
572 3846 653 3915 nihil
672 3846 769 3916 dico:
792 3846 1029 3937 philosophum
1050 3846 1139 3916 enim
1168 3845 1398 3936 philosophari

316 3966 348 4026 et
368 3953 462 4028 suam
483 3968 587 4029 artem
607 3979 771 4041 exercerc,
792 3959 867 4049 quis
888 3960 1044 4029 miretur?
1061 3957 1157 4050 ,Illud
1176 3967 1304 4028 tantum
1324 3979 1396 4029 mo-

349 4178 385 4245 ll)
403 4179 502 4237 Timon,
520 4181 559 4227 18.

348 4267 386 4334 (2)
406 4268 507 4325 Timon,
525 4270 565 4317 10.
