3425 5167
775 608 816 618 -.
837 576 877 636 29
900 605 939 618 .-

313 682 451 773 trepidis
467 682 686 753 Athenienses
699 682 825 763 reddat,
838 682 918 749 dum
932 675 1096 750 adulteras
1113 682 1269 750 mulieres
1285 701 1396 771 perso-

314 816 373 865 nas
387 798 429 867 de
444 797 507 865 diis
521 798 623 887 impie
644 798 857 877 disserentes,
877 817 972 887 reges
986 796 1019 865 in
1035 816 1169 866 scenam
1187 797 1313 867 inducit
1333 796 1345 887 (
1367 796 1392 887 ).

314 918 385 983 Uno
418 913 521 983 verbo
551 922 622 983 tum
658 913 727 995 alil,
764 922 835 982 tum
872 912 1054 1001 praesertim
1082 912 1318 1001 Aristophanes
1362 913 1395 981 in

313 1025 472 1114 Euripide
492 1025 616 1094 minus
652 1025 776 1094 malum
812 1033 945 1114 poetam
981 1044 1079 1116 quam
1116 1025 1237 1093 malum
1273 1027 1393 1105 civem,

315 1138 426 1208 minus
453 1140 614 1230 tragicum
646 1159 745 1231 quam
775 1143 919 1210 Socratis
953 1139 1152 1229 discipulum
1186 1140 1397 1230 amicumque

316 1252 524 1341 impugnant.
721 1248 727 1264 ¹

361 1372 472 1453 Longe
498 1366 592 1435 aliter
615 1365 726 1435 media
747 1352 912 1436 comoedia
935 1387 941 1433 :
962 1375 1079 1454 papate
1103 1365 1240 1455 quidem
1265 1373 1298 1433 et
1324 1365 1397 1455 ipsa

319 1482 516 1571 tragicorum
529 1489 587 1549 aut
604 1500 739 1562 uersus,
763 1489 820 1550 aut
842 1500 1001 1569 personas
1018 1488 1172 1569 totasque
1191 1479 1234 1569 (2)
1258 1481 1396 1562 lohulaS,

321 1618 436 1694 eorum
454 1597 658 1678 orationem,
676 1597 791 1685 longas
806 1597 1119 1667 circumlocutiones
1136 1595 1179 1685 (3)
1200 1596 1341 1678 deridet,
1366 1598 1399 1664 in

321 1714 509 1803 Euripidem
533 1712 739 1781 Platonicum
763 1712 809 1803 (t)
830 1726 1007 1800 atppaeeptl
1027 1712 1149 1781 crimen
1166 1721 1318 1794 renorat;
1342 1712 1400 1781 sed

322 1809 485 1919 nusquam
506 1849 564 1898 eos
584 1837 622 1898 ut
636 1829 741 1897 malos
757 1827 844 1897 cives
861 1836 893 1896 et
909 1826 1100 1916 reipublicae
1120 1826 1271 1895 funestos
1291 1827 1404 1897 lusce·

323 1952 419 2013 tatur.
434 1942 521 2023 Quid
537 1942 628 2033 quod
645 1943 677 2010 in
694 1942 757 2011 dlis
774 1942 906 2011 mollius
924 1952 957 2011 cl
972 1942 1145 2010 remissius
1161 1942 1239 2030 agit,
1261 1943 1402 2032 tragicos

323 2058 430 2127 minus
463 2076 564 2147 quam
582 2058 787 2147 xtragoediam
816 2058 971 2127 lacessit?
1001 2063 1041 2127 llt
1071 2077 1172 2148 quum
1200 2058 1402 2147 Antiphanes

325 2172 469 2241 llolierlo
504 2173 646 2263 praeiens
685 2171 878 2259 tragoediam
917 2172 1022 2240 mullo
1064 2170 1244 2240 faciliorem
1278 2171 1401 2261 scriptu

326 2308 422 2376 quam
436 2288 635 2358 comoediam
651 2306 725 2357 esse
739 2287 910 2358 contendit
924 2287 966 2375 (5)
978 2311 985 2369 ;
998 2287 1090 2355 vides
1105 2287 1280 2375 pristinum
1290 2287 1402 2356 odium

324 2401 389 2490 jam
414 2402 622 2476 deferbuisse
645 2426 652 2470 :
677 2412 881 2472 morantem
902 2404 1039 2472 omnino
1058 2406 1157 2471 etlam
1179 2404 1400 2491 extinguetur,

328 2525 358 2585 et
375 2517 539 2588 timocles
561 2517 753 2605 tragoediam
774 2519 913 2587 summis
935 2518 1088 2587 laudibus
1107 2519 1242 2588 extollet
1259 2518 1348 2607 quod
1364 2518 1404 2586 ad

327 2633 423 2702 vitam
433 2642 521 2703 recte
534 2633 699 2725 beateque
713 2634 898 2722 degendam
912 2644 943 2703 el
954 2635 994 2704 ad
1009 2636 1107 2717 mala,
1125 2635 1339 2716 calamitates
1349 2636 1407 2703 hu-

327 2766 510 2838 manosque
534 2768 629 2817 casus
654 2748 783 2818 lorliter
805 2750 996 2819 tolerandos
1022 2770 1088 2820 non
1116 2751 1285 2820 mediocre
1310 2750 1406 2839 adju-

328 2869 478 2928 mentum
493 2861 608 2930 afferat
625 2861 637 2950 (
659 2861 683 2951 ).

370 2979 459 3044 llora
475 2977 639 3047 comoedia
658 2997 823 3068 nusquam
839 2986 896 3047 aut
916 2978 985 3047 lere
1002 2997 1167 3066 nusquam
1192 2975 1320 3065 tragicis
1339 2996 1408 3044 ura-

329 3089 467 3161 ledicit:
493 3091 549 3181 qul
572 3101 684 3160 aulem
712 3092 807 3161 aliter
834 3093 905 3162 fieri
934 3098 1088 3182 poterell
1117 3093 1292 3182 Tragoedia
1318 3093 1406 3162 enim

330 3206 460 3294 qualem
476 3208 650 3298 Euripides
668 3209 708 3297 (7)
724 3210 855 3290 lecerat,
877 3211 1061 3281 arctissima
1081 3211 1224 3301 quadam
1249 3210 1410 3281 affinitate

363 3466 397 3534 (1)
410 3468 473 3532 lide
488 3470 629 3532 praesertim
645 3471 706 3519 ltan.
720 3471 828 3519 Acheru.
846 3471 1000 3534 Thesmoph.

364 3562 399 3624 (Ι)
414 3560 528 3618 Bacchae,
550 3561 717 3619 Eumenides,
733 3562 841 3621 Helena,
863 3562 962 3620 Medea,
988 3563 1095 3619 Orestes,
1109 3564 1214 3619 -Persoe,
1242 3562 1407 3620 Philoctetes,

333 3651 480 3711 Phoenissae,
494 3655 592 3716 Septem
608 3653 732 3701 adversus
746 3653 855 3703 Thebas.

366 3738 399 3804 (3)
414 3733 578 3802 Antiphanes,
596 3722 744 3812 ’'hypomo;‚
759 3742 892 3800 lteineelr,
907 3742 950 3799 111,
965 3744 989 3790 3.

367 3834 399 3900 (4)
413 3835 538 3896 Eubulus,
552 3836 700 3900 Dionysius,
716 3838 849 3896 Meineck„
866 3838 909 3895 ΙΙΙ,
927 3839 983 3885 218.

369 3927 401 3986 (5)
413 3926 580 3989 Antiphanes,
596 3928 693 3987 Poesis,
708 3928 840 3987 heineck,
857 3929 901 3986 ΙΙΙ,
919 3929 975 3985 105,
995 3928 1050 3977 106.

367 4014 401 4079 (6)
411 4017 544 4077 Timocles,
557 4019 703 4083 Dionysiae,
717 4020 849 4078 lleineclr„
863 4021 906 4078 ΙΙΙ,
921 4022 977 4075 592,
995 4021 1054 4069 593.

368 4104 402 4171 (7)
417 4108 452 4156 Cf.
469 4108 583 4168 Quintil,
600 4111 629 4168 ΙΙ,
644 4112 667 4167 1,
684 4112 724 4159 69.
738 4112 810 4159 lluno
823 4108 990 4175 (Euripidem)
1003 4117 1028 4157 et.
1041 4110 1182 4159 admiratus
1199 4112 1308 4160 maxime
1324 4119 1369 4168 est,
1386 4119 1414 4159 ut

338 4207 401 4259 saepe
414 4205 527 4258 testatur,
540 4209 564 4249 et
577 4208 688 4258 secutus,
704 4213 852 4263 quanquam
865 4201 891 4263 iq
906 4213 981 4263 opere
997 4200 1107 4257 diverso,
1126 4200 1273 4250 Menander.
1287 4202 1322 4250 Cf.
1338 4202 1413 4250 etiam

337 4279 516 4357 Φιλευριπίδης
527 4286 651 4347 Axionici,
664 4285 799 4345 Meineclr„
818 4287 861 4343 ΙΙΙ,
873 4288 930 4345 531,
947 4288 1005 4335 532.
