3425 5167
776 567 815 579 ..
836 535 871 594 Ἡ
898 567 938 579 -

316 664 452 733 dolores
481 672 514 733 et
541 664 746 734 calamitates
773 684 868 755 aequo
896 666 1006 735 animo
1035 668 1248 762 perferendas
1277 672 1396 761 praedi-

317 778 473 867 canili),
498 780 595 849 ambo
616 790 727 850 vatum
747 781 905 870 praedicta
927 777 987 871 (2),
1016 804 1186 873 magorum
1208 788 1248 875 (3)
1267 788 1396 877 jactan-

316 891 395 959 tiam
409 891 750 982 superstitionemque
765 892 873 960 omnis
886 893 1017 981 generis
1032 895 1155 983 pariter
1171 895 1392 983 insectentur;
1498 945 1501 949 -

317 1004 417 1073 ambo
430 1004 576 1095 denique
590 1004 635 1095 (et
648 1005 728 1074 illud
745 1007 887 1077 maxime
903 1002 1155 1098 attendendum)
1171 1009 1298 1078 nnllam
1318 1012 1396 1081 deli-

317 1128 400 1209 gnnt
430 1118 639 1209 disciplinam
668 1120 720 1189 ctri
750 1122 807 1191 uni
840 1125 914 1192 s'ese
943 1122 1125 1213 applicent,
1155 1124 1222 1194 imo
1253 1146 1330 1195 vero
1354 1147 1395 1196 ex

271 1226 273 1228 ’
317 1235 472 1305 omnibns
494 1235 587 1325 qnasi
609 1235 726 1316 florem
748 1236 910 1319 delibant,
942 1245 1069 1306 etcum
1093 1238 1286 1327 cynicorum
1311 1259 1395 1329 quo-

316 1351 468 1421 rumdam
479 1352 734 1442 impudentiam,
756 1352 867 1442 gloriae
884 1372 1045 1435 amorem,
1071 1354 1244 1443 victusque
1258 1354 1394 1424 nimiam

315 1466 526 1537 insolentiam
542 1458 732 1556 gravissime
743 1467 932 1558 vituperent
946 1466 1002 1557 (l),
1019 1469 1059 1538 ad
1074 1469 1267 1558 Cynicorum
1284 1480 1393 1540 tamen

315 1579 522 1669 disciplinam
532 1580 690 1649 libentius
703 1581 862 1650 inclinant
876 1605 882 1649 :
899 1602 1003 1651 unum
1015 1590 1142 1651 tantum
1156 1582 1394 1673 interestquod

314 1697 522 1779 Demonacti,
561 1698 723 1779 Socratis,
758 1699 902 1769 Lucieno
939 1700 1070 1790 Epicuri
1105 1700 1260 1789 dogmata
1290 1702 1393 1791 magis

315 1809 490 1901 arrident(
513 1818 535 1899 l.

360 1930 494 1996 Summa
511 1929 609 2019 igitur
628 1930 746 2019 injuria
763 1930 946 2000 tacianum
962 1949 1133 2002 accusares
1154 1935 1243 2022 quod
1259 1952 1403 2002 omnem

316 2039 560 2132 philosophiam
592 2047 725 2134 penitus
745 2054 892 2115 evertere
912 2046 1047 2133 molitus
1069 2046 1169 2117 luerit
1192 2071 1198 2115 :
1223 2047 1392 2117 latendum

315 2165 426 2226 tamen
437 2156 529 2226 illum
546 2159 762 2248 spectativam
776 2160 996 2249 philosophiae
1013 2169 1141 2250 partem
1154 2162 1244 2251 parvi
1261 2161 1390 2246 iecisse,
1406 2219 1413 2228 .

316 2272 408 2365 quasi
438 2269 585 2341 nihilad
610 2293 720 2342 mores
745 2274 956 2363 corrigendos
976 2274 1113 2357 valeret,
1138 2275 1217 2343 nihil
1241 2275 1282 2344 ad
1304 2285 1392 2346 recte

300 2387 479 2479 beateque
510 2389 686 2458 vivendum
713 2389 890 2472 conferret,
913 2389 999 2457 'nihil
1028 2388 1109 2478 ipsis
1137 2389 1329 2458 doctoribus
1351 2391 1392 2459 ad

316 2505 470 2579 virtutem
495 2505 682 2594 prodesset.
708 2501 953 2595 vituperandus
977 2525 1056 2575 sane
1080 2505 1170 2596 quod
1196 2525 1249 2575 res
1277 2516 1393 2576 natura

315 2618 486 2708 copulatas
503 2619 672 2708 opinionis
690 2640 800 2689 errore
817 2628 850 2688 et
862 2620 1048 2689 temeritate
1062 2620 1206 2709 quadam
1221 2621 1389 2710 sejunxit:

314 2733 502 2803 laudandus
532 2754 609 2804 vero
638 2735 727 2824 quod
754 2735 850 2804 dictis
878 2735 974 2819 laeta,
1004 2735 1152 2825 ingenio,
1175 2736 1332 2806 doctrinae
1362 2750 1394 2807 et

315 2846 435 2915 studiis
459 2847 673 2937 probitatem,
698 2847 930 2917 abstinentiam
953 2850 1275 2940 temperantiamque
1297 2858 1392 2919 ante-

316 2962 438 3049 posuit.
462 2961 548 3044 Quid
570 2962 658 3030 enim
684 2963 819 3051 prodest
839 2982 949 3031 rerum
974 2962 1221 3032 universitatem
1245 2972 1394 3034 contem-

316 3077 415 3165 plari,
434 3078 536 3147 totius
552 3078 665 3147 mundi
683 3078 748 3146 vim
762 3078 951 3168 perspicere
965 3079 1028 3148 nisi
1041 3079 1151 3148 animo
1163 3080 1222 3147 fias
1234 3081 1394 3152 excelsior

317 3202 418 3283 atque
433 3194 590 3264 erectior?
611 3194 697 3276 Quid
717 3194 757 3263 de
774 3195 893 3264 virtute
911 3194 1129 3284 gravissimis,
1151 3192 1394 3285 splendissimis
1504 3244 1509 3252 -

316 3310 601 3400 ornatissimisque
626 3310 736 3379 verbis
764 3309 945 3391 disserere,
976 3311 1003 3379 si
1032 3330 1105 3379 eam
1130 3311 1223 3380 lectis
1252 3313 1394 3402 prodas‘l

316 3424 402 3506 Quid
431 3425 531 3493 animi
567 3424 724 3495 libidines
756 3425 1073 3515 pertubationesque
1105 3433 1202 3495 acute
1237 3425 1391 3507 delinire,

317 3539 485 3627 eleganter
500 3539 702 3617 describere,
723 3539 894 3628 diligenter
913 3538 1128 3627 persequi,'si
1150 3538 1231 3607 nihil
1252 3559 1270 3608 e
1293 3547 1396 3609 teme-

316 3652 428 3735 ritate,
452 3652 534 3721 nihil
556 3672 595 3722 ex
615 3653 850 3735 inconstantia,
871 3653 953 3722 nihil
979 3673 1019 3722 ex
1040 3653 1204 3741 injustitia
1224 3654 1397 3723 detrahasl

350 3875 380 3931 (l)
396 3873 541 3921 Demoneet.
555 3872 620 3930 rita,
631 3875 655 3921 9.
673 3872 719 3925 Cf..
734 3875 776 3921 20.

350 3966 380 4023 (2)
396 3964 541 4012 Demonact.
558 3964 617 4022 vita,
634 3963 673 4012 37.

349 4058 381 4115 (3)
395 4056 540 4105 bemonact.
558 4056 618 4113 rita,
634 4058 674 4107 23.

349 4147 383 4211 (4)
400 4148 544 4198 Demonact.
561 4150 621 4208 vita,
637 4154 679 4202 48.

350 4240 383 4306 (5)
398 4230 544 4292 ῠοωοηαόῑ.
557 4240 616 4300 rita,
633 4244 656 4294 5.
