3425 5167
772 542 934 603 ..57-

319 678 402 769 gravi
423 676 640 758 detrimento,
665 675 723 745 sed
746 694 812 745 non
837 677 910 745 sine
931 673 1074 765 quadam
1092 672 1261 764 voluptate
1281 682 1314 743 et
1338 673 1397 743 de-

319 794 491 879 lectatione
514 816 521 861 :
547 812 658 863 noune
681 799 792 862 autem
815 811 954 861 summae
973 791 1239 873 inhumanitatis
1257 810 1395 875 summae

318 911 573 1003 importunitatis
594 918 684 980 esset
698 908 851 999 scriptori
865 927 1078 989 succensere,
1099 906 1190 998 quod
1211 927 1272 977 suo
1290 907 1396 997 magis

320 1046 415 1117 quam
430 1033 545 1096 nostro
562 1024 697 1094 arbitrio
714 1006 747 1094 et
766 1043 861 1093 more
876 1044 938 1093 nos
959 1024 1124 1094 delectat?
1148 1055 1151 1060 ·
1222 1081 1225 1091 ,

806 1226 912 1245 ’.ι

319 1618 738 1689 omuingenaredtoendi
747 1618 1393 1679 srmueoomioislrabuerrtnuoianus.

795 1811 898 1823 β-

357 2022 402 2113 be
418 2016 575 2087 omnibus
591 2016 659 2086 lere
673 2016 890 2106 scriptoribus
911 2035 987 2086 vere
1003 2016 1128 2087 dictum
1148 2026 1200 2087 est
1220 2016 1261 2086 ab
1280 2037 1394 2087 eorum

271 2126 273 2132 ’
318 2133 445 2223 scriptis
474 2121 648 2222 dijudicari
676 2152 777 2221 posse
803 2152 870 2223 qua
895 2133 928 2201 in
958 2135 1093 2223 regione
1120 2136 1188 2206 nati
1216 2134 1297 2217 sint,
1330 2156 1416 2226 qua.

279 2320 281 2323 ,
317 2258 411 2319 etate
429 2248 586 2330 vixerint,
609 2269 683 2339 quae
700 2249 913 2339 potissimum
938 2248 1143 2331 studuerint,
1168 2271 1248 2320 num
1266 2258 1395 2341 partem

317 2366 459 2457 aliquam
494 2365 712 2456 philosophia
744 2364 945 2445 ademerint,
980 2386 1046 2455 qna
1072 2366 1195 2455 'puerili
1220 2365 1395 2457 disciplina

317 2481 448 2563 imbuti,
464 2480 584 2572 quibus
598 2482 773 2573 praeceptis
787 2481 920 2564 eruditi,
937 2482 1058 2573 quibus
1074 2482 1234 2552 institutis
1248 2483 1390 2565 lormati,

316 2596 437 2687 quibus
457 2596 499 2666 ab
518 2595 622 2665 initiis
639 2595 777 2685 proiecti
795 2596 880 2676 sint,
905 2617 1006 2686 quem
1024 2596 1098 2666 vitae
1122 2618 1255 2668 cursum
1275 2607 1408 2668 tenue--

316 2712 388 2792 rint,
405 2730 489 2802 quos
503 2719 654 2781 auctores
669 2709 732 2779 sibi
745 2710 926 2780 imitandos
937 2711 1186 2801 proposuerint;
1204 2712 1245 2781 de
1260 2714 1393 2781 nemine

273 2898 276 2904 ,
315 2836 424 2897 autem
454 2827 564 2897 verius
589 2827 752 2918 quamde
777 2826 922 2895 Lucieno
950 2826 1013 2894 dici
1039 2834 1160 2914 potest.
1187 2830 1224 2894 ln
1250 2826 1392 2896 Lariano

316 2947 402 3014 enim
418 2944 515 3040 lacile
534 2964 693 3035 agnoscas
713 2944 870 3013 Asianum
886 2941 1056 3011 homiuem
1071 2964 1077 3010 :
1094 2941 1279 3032 saepissime
1296 2941 1395 3012 luxu-

315 3061 416 3135 riatur
436 3070 468 3131 et
487 3060 652 3131 redundat
673 3060 734 3150 (t);
760 3058 934 3129 Plutarcho
960 3058 1148 3147 aequalem:
1173 3057 1394 3146 incorporali-

314 3174 374 3246 bus
391 3178 445 3266 (ἓ),
468 3188 505 3246 ut
522 3176 725 3267 grammatici
745 3176 873 3255 dicunt,
889 3172 1095 3254 nominibus,
1115 3173 1391 3265 quamvisparce,

314 3282 625 3374 utitur3‘mendacii
656 3310 804 3371 osorem,
831 3290 977 3360 veritatis
1005 3299 1186 3360 amatorem
1204 3291 1219 3357 :¹
1245 3307 1264 3355 a
1295 3307 1395 3359 scena
1433 3327 1439 3335 κ

310 3408 541 3499 ‚tragodiaquo
567 3408 600 3477 in
629 3427 695 3498 qua
725 3406 806 3475 nibil
832 3425 965 3487 verum,
990 3387 1072 3475 nihil
1101 3405 1279 3483 sincerum,
1312 3403 1394 3473 nibil

318 3523 469 3614 simplex,
502 3523 616 3593 omnia
645 3522 741 3599 talsa,
766 3522 843 3591 licta
877 3521 1052 3612 locataque
1089 3541 1162 3591 esse
1197 3520 1389 3603 arbitratur,

315 3641 524 3730 exemplant
555 3638 819 3728 comparationes
851 3636 1049 3707 creberrime
1080 3639 1120 3726 (3)
1143 3637 1299 3718 arcessit;
1317 3636 1394 3726 Epi-

348 3872 382 3939 ll)
398 3874 499 3933 Gallus,
513 3878 537 3923 9.
552 3864 591 3924 Οὖ
607 3863 711 3942 ἔφεδρος
723 3866 771 3940 ἐγὼ
785 3867 830 3922 καὶ
844 3862 1006 3927 ἀντίδειπνος
1022 3866 1067 3919 καὶ
1082 3860 1208 3937 διάδοχος
1222 3863 1371 3937 ἐκεκλήμην.

345 3981 378 4047 (2)
393 3984 427 4031 lle
445 3982 552 4032 Merced.
572 3982 746 4042 Conducr.,[l.
762 3970 911 4050 ὦφιλότης.

344 4077 379 4143 (3)
391 4078 496 4140 Nigrim,
508 4080 528 4140 1,
542 4082 566 4140 9,
581 4080 621 4134 ll,
639 4080 678 4138 18,
693 4079 735 4136 20,
749 4080 790 4135 24,
804 4078 845 4126 30.
855 4074 993 4134 *Gallus
1004 4076 1044 4123 26.
1056 4102 1085 4113 -
1097 4076 1131 4123 Ile
1141 4071 1247 4123 Merced.
1261 4071 1391 4131 conduct,

317 4171 338 4227 l,
356 4171 394 4229 10,
413 4172 453 4227 19,
468 4173 509 4219 41.
526 4198 558 4207 -
574 4169 679 4229 Piscat,
694 4172 734 4227 ³1,
751 4172 791 4227 36,
807 4168 848 4218 37.
865 4194 896 4205 -
907 4166 1085 4232 lcaromenip.,
1104 4165 1142 4225 Π,
1159 4168 1200 4237 29,
1215 4164 1255 4213 80.
1272 4189 1303 4200 —-
1316 4165 1394 4215 'lexa-

313 4259 355 4320 ris,
371 4265 395 4319 9,
419 4263 458 4311 12.
470 4288 502 4298 —
517 4259 651 4321 Alexand,
667 4264 691 4321 6,
707 4262 746 4321 12,
760 4268 807 4310 etc.
825 4268 871 4309 etc.
