<?xml version="1.0" encoding="UTF-8"?>
<!DOCTYPE html PUBLIC "-//W3C//DTD XHTML 1.0 Transitional//EN"
    "http://www.w3.org/TR/xhtml1/DTD/xhtml1-transitional.dtd">
<html xmlns="http://www.w3.org/1999/xhtml" xml:lang="en" lang="en">
 <head>
  <title>
</title>
<meta http-equiv="Content-Type" content="text/html;charset=utf-8" />
  <meta name='ocr-system' content='tesseract 3.04.00' />
  <meta name='ocr-capabilities' content='ocr_page ocr_carea ocr_par ocr_line ocrx_word'/>
</head>
<body>
  <div class='ocr_page' id='page_1' title='image "./quidcomicisdebu00rabagoog_0024.png"; bbox 0 0 3425 5167; ppageno 0'>
   <div class='ocr_carea' id='block_1_1' title="bbox 776 573 936 633">
    <p class='ocr_par' dir='ltr' id='par_1_1' title="bbox 776 573 936 633">
     <span class='ocr_line' id='line_1_1' title="bbox 776 573 936 633; baseline -0.013 -16"><span class='ocrx_word' id='word_1_1' title='bbox 776 573 936 633; x_wconf 66' lang='grc'>..49-</span> 
     </span>
    </p>
   </div>
   <div class='ocr_carea' id='block_1_2' title="bbox 312 702 1410 1835">
    <p class='ocr_par' dir='ltr' id='par_1_2' title="bbox 312 702 1410 1603">
     <span class='ocr_line' id='line_1_2' title="bbox 313 702 1386 792; baseline 0.007 -21"><span class='ocrx_word' id='word_1_2' title='bbox 313 722 377 792; x_wconf 87' lang='lat' dir='ltr'><strong>que</strong></span> <span class='ocrx_word' id='word_1_3' title='bbox 391 702 530 772; x_wconf 73' lang='lat' dir='ltr'><strong>feliciter</strong></span> <span class='ocrx_word' id='word_1_4' title='bbox 542 702 630 791; x_wconf 90' lang='lat' dir='ltr'><strong>apud</strong></span> <span class='ocrx_word' id='word_1_5' title='bbox 643 702 734 791; x_wconf 93' lang='lat' dir='ltr'><strong>ipsos</strong></span> <span class='ocrx_word' id='word_1_6' title='bbox 747 702 966 791; x_wconf 89' lang='lat' dir='ltr'><strong>philosophos</strong></span> <span class='ocrx_word' id='word_1_7' title='bbox 982 710 1175 773; x_wconf 79' lang='lat' dir='ltr'>accusantes</span> <span class='ocrx_word' id='word_1_8' title='bbox 1188 722 1226 773; x_wconf 92' lang='lat' dir='ltr'><strong>se</strong></span> <span class='ocrx_word' id='word_1_9' title='bbox 1239 705 1386 778; x_wconf 80' lang='lat' dir='ltr'><strong>defendit</strong></span> 
     </span>
     <span class='ocr_line' id='line_1_3' title="bbox 312 816 1387 890; baseline 0.005 -4"><span class='ocrx_word' id='word_1_10' title='bbox 312 826 349 887; x_wconf 93' lang='lat' dir='ltr'><strong>ut</strong></span> <span class='ocrx_word' id='word_1_11' title='bbox 367 838 434 885; x_wconf 95' lang='lat' dir='ltr'><strong>non</strong></span> <span class='ocrx_word' id='word_1_12' title='bbox 454 818 561 886; x_wconf 93' lang='lat' dir='ltr'><strong>solum</strong></span> <span class='ocrx_word' id='word_1_13' title='bbox 578 816 734 886; x_wconf 89' lang='lat' dir='ltr'><strong>dimissus</strong></span> <span class='ocrx_word' id='word_1_14' title='bbox 754 816 928 886; x_wconf 87' lang='lat' dir='ltr'><strong>sedetiam</strong></span> <span class='ocrx_word' id='word_1_15' title='bbox 945 817 1100 886; x_wconf 90' lang='lat' dir='ltr'><strong>laudatus</strong></span> <span class='ocrx_word' id='word_1_16' title='bbox 1117 818 1227 887; x_wconf 87' lang='lat' dir='ltr'><strong>luerit.</strong></span> <span class='ocrx_word' id='word_1_17' title='bbox 1245 824 1283 890; x_wconf 82' lang='lat' dir='ltr'><strong>dt</strong></span> <span class='ocrx_word' id='word_1_18' title='bbox 1298 824 1387 890; x_wconf 93' lang='lat' dir='ltr'><strong>enim</strong></span> 
     </span>
     <span class='ocr_line' id='line_1_4' title="bbox 313 912 1390 1022; baseline 0.008 -23"><span class='ocrx_word' id='word_1_19' title='bbox 313 932 385 1022; x_wconf 92' lang='lat' dir='ltr'><strong>ipse</strong></span> <span class='ocrx_word' id='word_1_20' title='bbox 399 933 564 1003; x_wconf 83' lang='lat' dir='ltr'><strong>lucianus</strong></span> <span class='ocrx_word' id='word_1_21' title='bbox 578 923 611 1003; x_wconf 84' lang='lat' dir='ltr'><strong>et</strong></span> <span class='ocrx_word' id='word_1_22' title='bbox 631 912 875 1003; x_wconf 84' lang='lat' dir='ltr'><strong>accusationem</strong></span> <span class='ocrx_word' id='word_1_23' title='bbox 892 942 924 1001; x_wconf 90' lang='lat' dir='ltr'><strong>et</strong></span> <span class='ocrx_word' id='word_1_24' title='bbox 944 933 1174 1003; x_wconf 83' lang='lat' dir='ltr'>defensionem</span> <span class='ocrx_word' id='word_1_25' title='bbox 1199 945 1234 1010; x_wconf 90' lang='lat' dir='ltr'><strong>et</strong></span> <span class='ocrx_word' id='word_1_26' title='bbox 1257 938 1390 1008; x_wconf 89' lang='lat' dir='ltr'><strong>absolu-</strong></span> 
     </span>
     <span class='ocr_line' id='line_1_5' title="bbox 314 1039 1391 1142; baseline 0.003 -23"><span class='ocrx_word' id='word_1_27' title='bbox 314 1049 438 1119; x_wconf 86' lang='lat' dir='ltr'>tionem</span> <span class='ocrx_word' id='word_1_28' title='bbox 459 1070 520 1120; x_wconf 91' lang='lat' dir='ltr'><strong>suo</strong></span> <span class='ocrx_word' id='word_1_29' title='bbox 540 1049 675 1119; x_wconf 90' lang='lat' dir='ltr'><strong>arbitrio</strong></span> <span class='ocrx_word' id='word_1_30' title='bbox 690 1048 810 1118; x_wconf 86' lang='lat' dir='ltr'><strong>finxit:</strong></span> <span class='ocrx_word' id='word_1_31' title='bbox 834 1058 922 1130; x_wconf 90' lang='lat' dir='ltr'><strong>esto,</strong></span> <span class='ocrx_word' id='word_1_32' title='bbox 944 1049 977 1117; x_wconf 93' lang='lat' dir='ltr'><strong>in</strong></span> <span class='ocrx_word' id='word_1_33' title='bbox 995 1039 1177 1119; x_wconf 81' lang='lat' dir='ltr'><strong>Piscatore</strong></span> <span class='ocrx_word' id='word_1_34' title='bbox 1194 1071 1309 1142; x_wconf 91' lang='lat' dir='ltr'><strong>parum</strong></span> <span class='ocrx_word' id='word_1_35' title='bbox 1326 1054 1391 1122; x_wconf 92' lang='lat' dir='ltr'><strong>sin-</strong></span> 
     </span>
     <span class='ocr_line' id='line_1_6' title="bbox 314 1164 1387 1254; baseline 0.001 -19"><span class='ocrx_word' id='word_1_36' title='bbox 314 1184 408 1235; x_wconf 91' lang='lat' dir='ltr'><strong>cerus</strong></span> <span class='ocrx_word' id='word_1_37' title='bbox 421 1164 482 1234; x_wconf 90' lang='lat' dir='ltr'><strong>luit</strong></span> <span class='ocrx_word' id='word_1_38' title='bbox 497 1173 530 1234; x_wconf 89' lang='lat' dir='ltr'><strong>et</strong></span> <span class='ocrx_word' id='word_1_39' title='bbox 544 1164 674 1234; x_wconf 89' lang='lat' dir='ltr'><strong>veritati</strong></span> <span class='ocrx_word' id='word_1_40' title='bbox 690 1165 800 1233; x_wconf 90' lang='lat' dir='ltr'><strong>minus</strong></span> <span class='ocrx_word' id='word_1_41' title='bbox 815 1183 914 1254; x_wconf 90' lang='lat' dir='ltr'><strong>quam</strong></span> <span class='ocrx_word' id='word_1_42' title='bbox 929 1184 1036 1233; x_wconf 88' lang='lat' dir='ltr'><strong>causae</strong></span> <span class='ocrx_word' id='word_1_43' title='bbox 1054 1165 1188 1234; x_wconf 80' lang='lat' dir='ltr'><strong>utilitati</strong></span> <span class='ocrx_word' id='word_1_44' title='bbox 1204 1167 1387 1249; x_wconf 78' lang='lat' dir='ltr'><strong>consuluit3</strong></span> 
     </span>
     <span class='ocr_line' id='line_1_7' title="bbox 315 1279 1410 1371; baseline 0.004 -24"><span class='ocrx_word' id='word_1_45' title='bbox 315 1280 348 1348; x_wconf 94' lang='lat' dir='ltr'><strong>in</strong></span> <span class='ocrx_word' id='word_1_46' title='bbox 375 1279 525 1366; x_wconf 80' lang='lat' dir='ltr'><strong>Nipriuo</strong></span> <span class='ocrx_word' id='word_1_47' title='bbox 555 1287 666 1349; x_wconf 87' lang='lat' dir='ltr'><strong>antem</strong></span> <span class='ocrx_word' id='word_1_48' title='bbox 694 1279 774 1369; x_wconf 88' lang='lat' dir='ltr'><strong>quid</strong></span> <span class='ocrx_word' id='word_1_49' title='bbox 804 1299 881 1349; x_wconf 94' lang='lat' dir='ltr'><strong>eum</strong></span> <span class='ocrx_word' id='word_1_50' title='bbox 913 1280 1053 1369; x_wconf 82' lang='lat' dir='ltr'><strong>cogebat</strong></span> <span class='ocrx_word' id='word_1_51' title='bbox 1081 1290 1117 1349; x_wconf 87' lang='lat' dir='ltr'><strong>ut</strong></span> <span class='ocrx_word' id='word_1_52' title='bbox 1145 1280 1410 1371; x_wconf 88' lang='lat' dir='ltr'><strong>philosophiam-</strong></span> 
     </span>
     <span class='ocr_line' id='line_1_8' title="bbox 316 1394 1392 1482; baseline -0.002 -17"><span class='ocrx_word' id='word_1_53' title='bbox 316 1397 454 1466; x_wconf 91' lang='lat' dir='ltr'><strong>summis</strong></span> <span class='ocrx_word' id='word_1_54' title='bbox 486 1395 863 1465; x_wconf 75' lang='lat' dir='ltr'><strong>laudibus-extolleret?</strong></span> <span class='ocrx_word' id='word_1_55' title='bbox 890 1395 975 1475; x_wconf 82' lang='lat' dir='ltr'><strong>Quid</strong></span> <span class='ocrx_word' id='word_1_56' title='bbox 996 1394 1029 1463; x_wconf 94' lang='lat' dir='ltr'><strong>in</strong></span> <span class='ocrx_word' id='word_1_57' title='bbox 1062 1395 1220 1482; x_wconf 73' lang='lat' dir='ltr'><strong>donico?</strong></span> <span class='ocrx_word' id='word_1_58' title='bbox 1246 1396 1331 1477; x_wconf 83' lang='lat' dir='ltr'><strong>Quid</strong></span> <span class='ocrx_word' id='word_1_59' title='bbox 1359 1398 1392 1463; x_wconf 96' lang='lat' dir='ltr'><strong>in</strong></span> 
     </span>
     <span class='ocr_line' id='line_1_9' title="bbox 317 1509 1394 1603; baseline -0.006 -19"><span class='ocrx_word' id='word_1_60' title='bbox 317 1511 468 1601; x_wconf 74' lang='lat' dir='ltr'><strong>vGutupio</strong></span> <span class='ocrx_word' id='word_1_61' title='bbox 486 1513 550 1603; x_wconf 79' lang='lat' dir='ltr'><strong>(l)‘l</strong></span> <span class='ocrx_word' id='word_1_62' title='bbox 569 1513 655 1595; x_wconf 81' lang='lat' dir='ltr'><strong>Quid</strong></span> <span class='ocrx_word' id='word_1_63' title='bbox 671 1513 704 1580; x_wconf 94' lang='lat' dir='ltr'><strong>in</strong></span> <span class='ocrx_word' id='word_1_64' title='bbox 717 1509 911 1581; x_wconf 79' lang='lat' dir='ltr'><strong>dteuuudri</strong></span> <span class='ocrx_word' id='word_1_65' title='bbox 924 1510 979 1601; x_wconf 75' lang='lat'><strong>(2),</strong></span> <span class='ocrx_word' id='word_1_66' title='bbox 998 1510 1030 1578; x_wconf 96' lang='lat' dir='ltr'><strong>in</strong></span> <span class='ocrx_word' id='word_1_67' title='bbox 1047 1510 1273 1581; x_wconf 83' lang='lat' dir='ltr'><strong>Demonactis</strong></span> <span class='ocrx_word' id='word_1_68' title='bbox 1290 1511 1394 1581; x_wconf 82' lang='lat' dir='ltr'><strong>vito?</strong></span> 
     </span>
    </p>

    <p class='ocr_par' dir='ltr' id='par_1_3' title="bbox 318 1624 1390 1835">
     <span class='ocr_line' id='line_1_10' title="bbox 361 1624 1390 1720; baseline -0.003 -23"><span class='ocrx_word' id='word_1_69' title='bbox 361 1628 510 1720; x_wconf 88' lang='lat' dir='ltr'><strong>Quodsi</strong></span> <span class='ocrx_word' id='word_1_70' title='bbox 539 1628 660 1718; x_wconf 87' lang='lat' dir='ltr'><strong>quaeris</strong></span> <span class='ocrx_word' id='word_1_71' title='bbox 693 1627 745 1696; x_wconf 90' lang='lat' dir='ltr'><strong>cui</strong></span> <span class='ocrx_word' id='word_1_72' title='bbox 774 1625 985 1715; x_wconf 89' lang='lat' dir='ltr'><strong>potissimum</strong></span> <span class='ocrx_word' id='word_1_73' title='bbox 1013 1633 1111 1694; x_wconf 90' lang='lat' dir='ltr'><strong>sectae</strong></span> <span class='ocrx_word' id='word_1_74' title='bbox 1138 1624 1390 1710; x_wconf 86' lang='lat' dir='ltr'><strong>adhaeresceret,</strong></span> 
     </span>
     <span class='ocr_line' id='line_1_11' title="bbox 318 1739 1247 1835; baseline -0.008 -22"><span class='ocrx_word' id='word_1_75' title='bbox 318 1746 412 1814; x_wconf 92' lang='lat' dir='ltr'><strong>nulla</strong></span> <span class='ocrx_word' id='word_1_76' title='bbox 423 1753 544 1835; x_wconf 89' lang='lat' dir='ltr'><strong>praeter</strong></span> <span class='ocrx_word' id='word_1_77' title='bbox 561 1754 688 1815; x_wconf 87' lang='lat' dir='ltr'><strong>ceteras</strong></span> <span class='ocrx_word' id='word_1_78' title='bbox 709 1743 948 1821; x_wconf 82' lang='lat' dir='ltr'><strong>delectabatur,</strong></span> <span class='ocrx_word' id='word_1_79' title='bbox 1244 1739 1247 1744; x_wconf 84' lang='lat'>&#39;</span> 
     </span>
    </p>
   </div>
   <div class='ocr_carea' id='block_1_3' title="bbox 384 1896 1220 1992">
    <p class='ocr_par' dir='ltr' id='par_1_4' title="bbox 384 1896 1220 1992">
     <span class='ocr_line' id='line_1_12' title="bbox 384 1896 1220 1992; baseline 0 -15"><span class='ocrx_word' id='word_1_80' title='bbox 384 1906 522 1977; x_wconf 81' lang='lat' dir='ltr'><strong>Nullius</strong></span> <span class='ocrx_word' id='word_1_81' title='bbox 542 1906 709 1977; x_wconf 80' lang='lat' dir='ltr'><strong>addictus</strong></span> <span class='ocrx_word' id='word_1_82' title='bbox 722 1896 849 1991; x_wconf 78' lang='lat' dir='ltr'><strong>jurare</strong></span> <span class='ocrx_word' id='word_1_83' title='bbox 865 1909 905 1977; x_wconf 88' lang='lat' dir='ltr'><strong>iu</strong></span> <span class='ocrx_word' id='word_1_84' title='bbox 918 1908 1028 1978; x_wconf 83' lang='lat' dir='ltr'><strong>verbu</strong></span> <span class='ocrx_word' id='word_1_85' title='bbox 1042 1907 1220 1992; x_wconf 73' lang='lat' dir='ltr'><strong>oenotri,</strong></span> 
     </span>
    </p>
   </div>
   <div class='ocr_carea' id='block_1_4' title="bbox 274 2072 1478 3771">
    <p class='ocr_par' dir='ltr' id='par_1_5' title="bbox 274 2072 1478 3771">
     <span class='ocr_line' id='line_1_13' title="bbox 320 2072 1394 2167; baseline -0.001 -23"><span class='ocrx_word' id='word_1_86' title='bbox 320 2078 444 2146; x_wconf 91' lang='lat' dir='ltr'><strong>nullam</strong></span> <span class='ocrx_word' id='word_1_87' title='bbox 457 2077 664 2166; x_wconf 81' lang='lat' dir='ltr'><strong>disciplinam</strong></span> <span class='ocrx_word' id='word_1_88' title='bbox 674 2078 828 2167; x_wconf 83' lang='lat' dir='ltr'><strong>elegerat,</strong></span> <span class='ocrx_word' id='word_1_89' title='bbox 844 2076 876 2144; x_wconf 93' lang='lat' dir='ltr'><strong>in</strong></span> <span class='ocrx_word' id='word_1_90' title='bbox 891 2095 966 2166; x_wconf 86' lang='lat' dir='ltr'><strong>qua,</strong></span> <span class='ocrx_word' id='word_1_91' title='bbox 978 2084 1016 2144; x_wconf 92' lang='lat' dir='ltr'><strong>ut</strong></span> <span class='ocrx_word' id='word_1_92' title='bbox 1028 2076 1073 2143; x_wconf 91' lang='lat' dir='ltr'><strong>ita</strong></span> <span class='ocrx_word' id='word_1_93' title='bbox 1087 2074 1205 2154; x_wconf 90' lang='lat' dir='ltr'><strong>dicam,</strong></span> <span class='ocrx_word' id='word_1_94' title='bbox 1220 2072 1394 2152; x_wconf 86' lang='lat' dir='ltr'><strong>habitaret,</strong></span> 
     </span>
     <span class='ocr_line' id='line_1_14' title="bbox 321 2189 1478 2281; baseline -0.001 -22"><span class='ocrx_word' id='word_1_95' title='bbox 321 2192 380 2261; x_wconf 92' lang='lat' dir='ltr'><strong>sed</strong></span> <span class='ocrx_word' id='word_1_96' title='bbox 398 2191 439 2260; x_wconf 94' lang='lat' dir='ltr'><strong>ab</strong></span> <span class='ocrx_word' id='word_1_97' title='bbox 455 2190 610 2260; x_wconf 92' lang='lat' dir='ltr'><strong>omnibus</strong></span> <span class='ocrx_word' id='word_1_98' title='bbox 630 2190 791 2281; x_wconf 89' lang='lat' dir='ltr'><strong>quidquid</strong></span> <span class='ocrx_word' id='word_1_99' title='bbox 804 2189 977 2281; x_wconf 71' lang='lat' dir='ltr'><strong>iudicabat</strong></span> <span class='ocrx_word' id='word_1_100' title='bbox 995 2189 1174 2281; x_wconf 89' lang='lat' dir='ltr'><strong>optimum,</strong></span> <span class='ocrx_word' id='word_1_101' title='bbox 1191 2189 1395 2259; x_wconf 88' lang='lat' dir='ltr'><strong>assumebat.</strong></span> <span class='ocrx_word' id='word_1_102' title='bbox 1476 2207 1478 2212; x_wconf 85' lang='lat'>·</span> 
     </span>
     <span class='ocr_line' id='line_1_15' title="bbox 321 2304 1400 2395; baseline -0.001 -21"><span class='ocrx_word' id='word_1_103' title='bbox 321 2306 456 2376; x_wconf 90' lang='lat' dir='ltr'><strong>Videtur</strong></span> <span class='ocrx_word' id='word_1_104' title='bbox 469 2314 580 2376; x_wconf 90' lang='lat' dir='ltr'><strong>tamen</strong></span> <span class='ocrx_word' id='word_1_105' title='bbox 591 2306 632 2374; x_wconf 92' lang='lat' dir='ltr'><strong>ad</strong></span> <span class='ocrx_word' id='word_1_106' title='bbox 646 2306 679 2374; x_wconf 94' lang='lat' dir='ltr'><strong>id</strong></span> <span class='ocrx_word' id='word_1_107' title='bbox 691 2306 902 2376; x_wconf 84' lang='lat' dir='ltr'><strong>inclinavisse</strong></span> <span class='ocrx_word' id='word_1_108' title='bbox 915 2315 951 2375; x_wconf 93' lang='lat' dir='ltr'><strong>ut</strong></span> <span class='ocrx_word' id='word_1_109' title='bbox 964 2305 1157 2395; x_wconf 85' lang='lat' dir='ltr'><strong>Epicuream</strong></span> <span class='ocrx_word' id='word_1_110' title='bbox 1172 2304 1337 2394; x_wconf 82' lang='lat' dir='ltr'><strong>cogitandi</strong></span> <span class='ocrx_word' id='word_1_111' title='bbox 1348 2325 1400 2373; x_wconf 91' lang='lat' dir='ltr'><strong>ra-</strong></span> 
     </span>
     <span class='ocr_line' id='line_1_16' title="bbox 322 2420 1399 2512; baseline -0.002 -22"><span class='ocrx_word' id='word_1_112' title='bbox 322 2423 457 2504; x_wconf 91' lang='lat' dir='ltr'><strong>tionem,</strong></span> <span class='ocrx_word' id='word_1_113' title='bbox 468 2422 619 2512; x_wconf 83' lang='lat' dir='ltr'><strong>Cynicam</strong></span> <span class='ocrx_word' id='word_1_114' title='bbox 633 2423 764 2492; x_wconf 93' lang='lat' dir='ltr'><strong>vivendi</strong></span> <span class='ocrx_word' id='word_1_115' title='bbox 771 2422 856 2490; x_wconf 90' lang='lat' dir='ltr'><strong>viam</strong></span> <span class='ocrx_word' id='word_1_116' title='bbox 865 2430 1073 2511; x_wconf 88' lang='lat' dir='ltr'><strong>sequeretur.</strong></span> <span class='ocrx_word' id='word_1_117' title='bbox 1087 2420 1216 2491; x_wconf 86' lang='lat' dir='ltr'><strong>Etenim</strong></span> <span class='ocrx_word' id='word_1_118' title='bbox 1230 2440 1304 2490; x_wconf 91' lang='lat' dir='ltr'><strong>cum</strong></span> <span class='ocrx_word' id='word_1_119' title='bbox 1316 2428 1399 2491; x_wconf 89' lang='lat' dir='ltr'><strong>cete·</strong></span> 
     </span>
     <span class='ocr_line' id='line_1_17' title="bbox 322 2534 1399 2626; baseline -0.002 -22"><span class='ocrx_word' id='word_1_120' title='bbox 322 2557 375 2606; x_wconf 94' lang='lat' dir='ltr'><strong>ros</strong></span> <span class='ocrx_word' id='word_1_121' title='bbox 390 2536 608 2626; x_wconf 90' lang='lat' dir='ltr'><strong>philosophos</strong></span> <span class='ocrx_word' id='word_1_122' title='bbox 619 2536 774 2607; x_wconf 90' lang='lat' dir='ltr'><strong>omnibus</strong></span> <span class='ocrx_word' id='word_1_123' title='bbox 788 2536 855 2606; x_wconf 90' lang='lat' dir='ltr'><strong>lere</strong></span> <span class='ocrx_word' id='word_1_124' title='bbox 870 2536 953 2606; x_wconf 90' lang='lat' dir='ltr'><strong>locis</strong></span> <span class='ocrx_word' id='word_1_125' title='bbox 968 2545 1001 2605; x_wconf 93' lang='lat' dir='ltr'><strong>et</strong></span> <span class='ocrx_word' id='word_1_126' title='bbox 1021 2536 1111 2604; x_wconf 92' lang='lat' dir='ltr'><strong>omni</strong></span> <span class='ocrx_word' id='word_1_127' title='bbox 1125 2535 1225 2605; x_wconf 92' lang='lat' dir='ltr'><strong>modo</strong></span> <span class='ocrx_word' id='word_1_128' title='bbox 1240 2534 1399 2624; x_wconf 82' lang='lat' dir='ltr'><strong>exagitet,</strong></span> 
     </span>
     <span class='ocr_line' id='line_1_18' title="bbox 321 2648 1397 2739; baseline -0.002 -21"><span class='ocrx_word' id='word_1_129' title='bbox 321 2650 500 2739; x_wconf 90' lang='lat' dir='ltr'><strong>Epicureos</strong></span> <span class='ocrx_word' id='word_1_130' title='bbox 527 2657 584 2719; x_wconf 92' lang='lat' dir='ltr'><strong>ant</strong></span> <span class='ocrx_word' id='word_1_131' title='bbox 610 2649 774 2718; x_wconf 90' lang='lat' dir='ltr'><strong>levissime</strong></span> <span class='ocrx_word' id='word_1_132' title='bbox 799 2657 855 2717; x_wconf 90' lang='lat' dir='ltr'><strong>aut</strong></span> <span class='ocrx_word' id='word_1_133' title='bbox 875 2670 916 2718; x_wconf 92' lang='lat' dir='ltr'><strong>ne</strong></span> <span class='ocrx_word' id='word_1_134' title='bbox 938 2650 1074 2717; x_wconf 91' lang='lat' dir='ltr'><strong>minime</strong></span> <span class='ocrx_word' id='word_1_135' title='bbox 1098 2648 1234 2737; x_wconf 87' lang='lat' dir='ltr'><strong>quidem</strong></span> <span class='ocrx_word' id='word_1_136' title='bbox 1256 2649 1397 2737; x_wconf 85' lang='lat' dir='ltr'><strong>attingit.</strong></span> 
     </span>
     <span class='ocr_line' id='line_1_19' title="bbox 321 2746 1401 2854; baseline -0.002 -21"><span class='ocrx_word' id='word_1_137' title='bbox 321 2764 452 2833; x_wconf 89' lang='lat' dir='ltr'><strong>Nullum</strong></span> <span class='ocrx_word' id='word_1_138' title='bbox 474 2746 609 2834; x_wconf 91' lang='lat' dir='ltr'><strong>omnino</strong></span> <span class='ocrx_word' id='word_1_139' title='bbox 629 2764 670 2834; x_wconf 91' lang='lat' dir='ltr'><strong>de</strong></span> <span class='ocrx_word' id='word_1_140' title='bbox 689 2764 859 2854; x_wconf 84' lang='lat' dir='ltr'><strong>Epicureis</strong></span> <span class='ocrx_word' id='word_1_141' title='bbox 880 2763 1018 2832; x_wconf 91' lang='lat' dir='ltr'><strong>verbum</strong></span> <span class='ocrx_word' id='word_1_142' title='bbox 1035 2763 1068 2830; x_wconf 94' lang='lat' dir='ltr'><strong>in</strong></span> <span class='ocrx_word' id='word_1_143' title='bbox 1086 2766 1302 2832; x_wconf 82' lang='lat' dir='ltr'><strong>Mortuerum</strong></span> <span class='ocrx_word' id='word_1_144' title='bbox 1323 2761 1401 2831; x_wconf 88' lang='lat' dir='ltr'><strong>diu·</strong></span> 
     </span>
     <span class='ocr_line' id='line_1_20' title="bbox 322 2872 1396 2964; baseline 0.004 -22"><span class='ocrx_word' id='word_1_145' title='bbox 322 2872 431 2962; x_wconf 77' lang='lat' dir='ltr'><strong>topia,</strong></span> <span class='ocrx_word' id='word_1_146' title='bbox 457 2875 585 2944; x_wconf 89' lang='lat' dir='ltr'><strong>nullum</strong></span> <span class='ocrx_word' id='word_1_147' title='bbox 609 2876 643 2944; x_wconf 96' lang='lat' dir='ltr'><strong>in</strong></span> <span class='ocrx_word' id='word_1_148' title='bbox 671 2875 921 2964; x_wconf 60' lang='lat' dir='ltr'><strong>Ptolomaeum</strong></span> <span class='ocrx_word' id='word_1_149' title='bbox 950 2877 982 2943; x_wconf 94' lang='lat' dir='ltr'><strong>in</strong></span> <span class='ocrx_word' id='word_1_150' title='bbox 1013 2876 1174 2946; x_wconf 86' lang='lat' dir='ltr'><strong>Vituruui</strong></span> <span class='ocrx_word' id='word_1_151' title='bbox 1207 2877 1396 2960; x_wconf 85' lang='lat' dir='ltr'><strong>uuctioue,</strong></span> 
     </span>
     <span class='ocr_line' id='line_1_21' title="bbox 322 2991 1400 3083; baseline 0.005 -25"><span class='ocrx_word' id='word_1_152' title='bbox 322 2991 514 3072; x_wconf 80' lang='lat' dir='ltr'><strong>Piscatorc,</strong></span> <span class='ocrx_word' id='word_1_153' title='bbox 531 2992 690 3079; x_wconf 77' lang='lat' dir='ltr'><strong>Lapithis</strong></span> <span class='ocrx_word' id='word_1_154' title='bbox 704 3000 897 3082; x_wconf 82' lang='lat' dir='ltr'><strong>punguntur</strong></span> <span class='ocrx_word' id='word_1_155' title='bbox 912 2992 1048 3083; x_wconf 84' lang='lat' dir='ltr'><strong>quidem</strong></span> <span class='ocrx_word' id='word_1_156' title='bbox 1060 2992 1119 3062; x_wconf 92' lang='lat' dir='ltr'><strong>sed</strong></span> <span class='ocrx_word' id='word_1_157' title='bbox 1136 2994 1207 3063; x_wconf 91' lang='lat' dir='ltr'><strong>sine</strong></span> <span class='ocrx_word' id='word_1_158' title='bbox 1221 2993 1400 3063; x_wconf 86' lang='lat' dir='ltr'><strong>acrimonia</strong></span> 
     </span>
     <span class='ocr_line' id='line_1_22' title="bbox 322 3106 1398 3205; baseline 0.003 -30"><span class='ocrx_word' id='word_1_159' title='bbox 322 3114 355 3175; x_wconf 91' lang='lat' dir='ltr'><strong>et</strong></span> <span class='ocrx_word' id='word_1_160' title='bbox 362 3110 532 3205; x_wconf 81' lang='lat' dir='ltr'><strong>gravitate,</strong></span> <span class='ocrx_word' id='word_1_161' title='bbox 546 3115 579 3178; x_wconf 91' lang='lat' dir='ltr'><strong>et</strong></span> <span class='ocrx_word' id='word_1_162' title='bbox 593 3108 688 3198; x_wconf 87' lang='lat' dir='ltr'><strong>qvvasi</strong></span> <span class='ocrx_word' id='word_1_163' title='bbox 698 3108 780 3177; x_wconf 91' lang='lat' dir='ltr'><strong>dicis</strong></span> <span class='ocrx_word' id='word_1_164' title='bbox 791 3127 902 3179; x_wconf 90' lang='lat' dir='ltr'><strong>cansa.</strong></span> <span class='ocrx_word' id='word_1_165' title='bbox 916 3107 1001 3189; x_wconf 81' lang='lat' dir='ltr'><strong>Quid</strong></span> <span class='ocrx_word' id='word_1_166' title='bbox 1012 3106 1344 3198; x_wconf 80' lang='lat' dir='ltr'><strong>quodindieeuudri</strong></span> <span class='ocrx_word' id='word_1_167' title='bbox 1355 3108 1398 3200; x_wconf 86' lang='lat'><strong>(3)</strong></span> 
     </span>
     <span class='ocr_line' id='line_1_23' title="bbox 321 3202 1398 3312; baseline 0.002 -24"><span class='ocrx_word' id='word_1_168' title='bbox 321 3221 402 3290; x_wconf 85' lang='lat' dir='ltr'><strong>citu</strong></span> <span class='ocrx_word' id='word_1_169' title='bbox 417 3220 459 3290; x_wconf 92' lang='lat' dir='ltr'><strong>de</strong></span> <span class='ocrx_word' id='word_1_170' title='bbox 469 3221 610 3311; x_wconf 89' lang='lat' dir='ltr'><strong>Epicuro</strong></span> <span class='ocrx_word' id='word_1_171' title='bbox 622 3222 947 3312; x_wconf 83' lang='lat' dir='ltr'><strong>magnificentissime</strong></span> <span class='ocrx_word' id='word_1_172' title='bbox 960 3202 1118 3312; x_wconf 87' lang='lat' dir='ltr'><strong>loquitur,</strong></span> <span class='ocrx_word' id='word_1_173' title='bbox 1132 3242 1236 3293; x_wconf 90' lang='lat' dir='ltr'><strong>unum</strong></span> <span class='ocrx_word' id='word_1_174' title='bbox 1250 3224 1398 3294; x_wconf 93' lang='lat' dir='ltr'><strong>omnium</strong></span> 
     </span>
     <span class='ocr_line' id='line_1_24' title="bbox 322 3334 1400 3427; baseline 0.005 -25"><span class='ocrx_word' id='word_1_175' title='bbox 322 3334 493 3404; x_wconf 89' lang='lat' dir='ltr'><strong>veritatem</strong></span> <span class='ocrx_word' id='word_1_176' title='bbox 505 3354 612 3405; x_wconf 91' lang='lat' dir='ltr'><strong>rerum</strong></span> <span class='ocrx_word' id='word_1_177' title='bbox 626 3337 836 3426; x_wconf 86' lang='lat' dir='ltr'><strong>perspexisse</strong></span> <span class='ocrx_word' id='word_1_178' title='bbox 851 3338 1052 3427; x_wconf 87' lang='lat' dir='ltr'><strong>praedicatet</strong></span> <span class='ocrx_word' id='word_1_179' title='bbox 1065 3337 1106 3407; x_wconf 93' lang='lat' dir='ltr'><strong>de</strong></span> <span class='ocrx_word' id='word_1_180' title='bbox 1120 3337 1265 3408; x_wconf 90' lang='lat' dir='ltr'><strong>humano</strong></span> <span class='ocrx_word' id='word_1_181' title='bbox 1280 3358 1400 3427; x_wconf 85' lang='lat' dir='ltr'><strong>genere</strong></span> 
     </span>
     <span class='ocr_line' id='line_1_25' title="bbox 322 3449 1401 3542; baseline 0.003 -23"><span class='ocrx_word' id='word_1_182' title='bbox 322 3449 409 3520; x_wconf 91' lang='lat' dir='ltr'><strong>bene</strong></span> <span class='ocrx_word' id='word_1_183' title='bbox 425 3452 579 3521; x_wconf 88' lang='lat' dir='ltr'><strong>meritum</strong></span> <span class='ocrx_word' id='word_1_184' title='bbox 596 3471 670 3522; x_wconf 91' lang='lat' dir='ltr'><strong>esse</strong></span> <span class='ocrx_word' id='word_1_185' title='bbox 685 3452 776 3542; x_wconf 90' lang='lat' dir='ltr'><strong>quod</strong></span> <span class='ocrx_word' id='word_1_186' title='bbox 790 3452 960 3521; x_wconf 80' lang='lat' dir='ltr'><strong>exanimis</strong></span> <span class='ocrx_word' id='word_1_187' title='bbox 975 3451 1076 3522; x_wconf 91' lang='lat' dir='ltr'><strong>lalsas</strong></span> <span class='ocrx_word' id='word_1_188' title='bbox 1090 3452 1281 3541; x_wconf 92' lang='lat' dir='ltr'><strong>opiniones,</strong></span> <span class='ocrx_word' id='word_1_189' title='bbox 1296 3472 1401 3522; x_wconf 88' lang='lat' dir='ltr'><strong>vanos</strong></span> 
     </span>
     <span class='ocr_line' id='line_1_26' title="bbox 324 3553 1401 3656; baseline 0.002 -22"><span class='ocrx_word' id='word_1_190' title='bbox 324 3574 466 3636; x_wconf 91' lang='lat' dir='ltr'><strong>terrores</strong></span> <span class='ocrx_word' id='word_1_191' title='bbox 485 3566 658 3647; x_wconf 90' lang='lat' dir='ltr'><strong>avulserit,</strong></span> <span class='ocrx_word' id='word_1_192' title='bbox 684 3575 881 3656; x_wconf 88' lang='lat' dir='ltr'><strong>mentesque</strong></span> <span class='ocrx_word' id='word_1_193' title='bbox 899 3566 1072 3635; x_wconf 87' lang='lat' dir='ltr'><strong>horrendis</strong></span> <span class='ocrx_word' id='word_1_194' title='bbox 1091 3567 1170 3635; x_wconf 90' lang='lat' dir='ltr'><strong>visis</strong></span> <span class='ocrx_word' id='word_1_195' title='bbox 1191 3575 1223 3636; x_wconf 92' lang='lat' dir='ltr'><strong>et</strong></span> <span class='ocrx_word' id='word_1_196' title='bbox 1243 3553 1401 3637; x_wconf 87' lang='lat' dir='ltr'><strong>monstris</strong></span> 
     </span>
     <span class='ocr_line' id='line_1_27' title="bbox 274 3677 1401 3771; baseline 0.002 -24"><span class='ocrx_word' id='word_1_197' title='bbox 274 3708 279 3715; x_wconf 97' lang='lat'>·</span> <span class='ocrx_word' id='word_1_198' title='bbox 323 3679 529 3750; x_wconf 73' lang='lat' dir='ltr'><strong>liberaverit?</strong></span> <span class='ocrx_word' id='word_1_199' title='bbox 543 3679 638 3762; x_wconf 81' lang='lat' dir='ltr'><strong>Quod</strong></span> <span class='ocrx_word' id='word_1_200' title='bbox 653 3688 761 3749; x_wconf 89' lang='lat' dir='ltr'><strong>totum</strong></span> <span class='ocrx_word' id='word_1_201' title='bbox 773 3680 885 3771; x_wconf 91' lang='lat' dir='ltr'><strong>ipsum</strong></span> <span class='ocrx_word' id='word_1_202' title='bbox 900 3680 940 3751; x_wconf 91' lang='lat' dir='ltr'><strong>de</strong></span> <span class='ocrx_word' id='word_1_203' title='bbox 955 3677 1149 3749; x_wconf 83' lang='lat' dir='ltr'><strong>Aleeuodri</strong></span> <span class='ocrx_word' id='word_1_204' title='bbox 1162 3681 1242 3750; x_wconf 90' lang='lat' dir='ltr'><strong>oitu</strong></span> <span class='ocrx_word' id='word_1_205' title='bbox 1252 3680 1401 3751; x_wconf 93' lang='lat' dir='ltr'><strong>libellum</strong></span> 
     </span>
    </p>
   </div>
   <div class='ocr_carea' id='block_1_5' title="bbox 325 3786 1527 3885">
    <p class='ocr_par' dir='ltr' id='par_1_6' title="bbox 325 3786 1527 3885">
     <span class='ocr_line' id='line_1_28' title="bbox 325 3786 1527 3885; baseline -0.001 -22"><span class='ocrx_word' id='word_1_206' title='bbox 325 3794 368 3863; x_wconf 94' lang='lat' dir='ltr'><strong>ob</strong></span> <span class='ocrx_word' id='word_1_207' title='bbox 390 3794 471 3863; x_wconf 94' lang='lat' dir='ltr'><strong>nihil</strong></span> <span class='ocrx_word' id='word_1_208' title='bbox 495 3794 586 3864; x_wconf 89' lang='lat' dir='ltr'><strong>aliud</strong></span> <span class='ocrx_word' id='word_1_209' title='bbox 605 3814 642 3865; x_wconf 90' lang='lat' dir='ltr'><strong>se</strong></span> <span class='ocrx_word' id='word_1_210' title='bbox 667 3795 840 3884; x_wconf 90' lang='lat' dir='ltr'><strong>scripsisse</strong></span> <span class='ocrx_word' id='word_1_211' title='bbox 860 3794 1070 3885; x_wconf 85' lang='lat' dir='ltr'><strong>apertissime</strong></span> <span class='ocrx_word' id='word_1_212' title='bbox 1087 3795 1231 3865; x_wconf 88' lang='lat' dir='ltr'><strong>declarat</strong></span> <span class='ocrx_word' id='word_1_213' title='bbox 1246 3815 1345 3885; x_wconf 90' lang='lat' dir='ltr'><strong>qnam</strong></span> <span class='ocrx_word' id='word_1_214' title='bbox 1365 3803 1402 3863; x_wconf 90' lang='lat' dir='ltr'><strong>ut</strong></span> <span class='ocrx_word' id='word_1_215' title='bbox 1524 3786 1527 3792; x_wconf 74' lang='grc'><strong>’</strong></span> 
     </span>
    </p>
   </div>
   <div class='ocr_carea' id='block_1_6' title="bbox 324 3910 1399 4000">
    <p class='ocr_par' dir='ltr' id='par_1_7' title="bbox 324 3910 1399 4000">
     <span class='ocr_line' id='line_1_29' title="bbox 324 3910 1399 4000; baseline 0.001 -23"><span class='ocrx_word' id='word_1_216' title='bbox 324 3910 502 3999; x_wconf 88' lang='lat' dir='ltr'><strong>Epicurum</strong></span> <span class='ocrx_word' id='word_1_217' title='bbox 519 3911 750 3992; x_wconf 91' lang='lat' dir='ltr'><strong>ulcisceretur,</strong></span> <span class='ocrx_word' id='word_1_218' title='bbox 767 3911 873 3981; x_wconf 91' lang='lat' dir='ltr'><strong>virum</strong></span> <span class='ocrx_word' id='word_1_219' title='bbox 889 3929 966 3979; x_wconf 93' lang='lat' dir='ltr'><strong>vere</strong></span> <span class='ocrx_word' id='word_1_220' title='bbox 982 3929 1128 3994; x_wconf 90' lang='lat' dir='ltr'><strong>sacrum,</strong></span> <span class='ocrx_word' id='word_1_221' title='bbox 1152 3918 1188 3980; x_wconf 92' lang='lat' dir='ltr'><strong>ut</strong></span> <span class='ocrx_word' id='word_1_222' title='bbox 1204 3911 1275 4000; x_wconf 92' lang='lat' dir='ltr'><strong>ipse</strong></span> <span class='ocrx_word' id='word_1_223' title='bbox 1294 3919 1399 3989; x_wconf 88' lang='lat' dir='ltr'><strong>vocat,</strong></span> 
     </span>
    </p>
   </div>
   <div class='ocr_carea' id='block_1_7' title="bbox 359 4058 455 4344">
    <p class='ocr_par' dir='ltr' id='par_1_8' title="bbox 359 4058 455 4344">
     <span class='ocr_line' id='line_1_30' title="bbox 359 4058 449 4167; baseline 0 -16"><span class='ocrx_word' id='word_1_224' title='bbox 359 4058 392 4167; x_wconf 69' lang='lat' dir='ltr'><strong>tn</strong></span> <span class='ocrx_word' id='word_1_225' title='bbox 408 4106 449 4151; x_wconf 77' lang='lat'><strong>24.</strong></span> 
     </span>
     <span class='ocr_line' id='line_1_31' title="bbox 360 4190 455 4253; baseline 0 -12"><span class='ocrx_word' id='word_1_226' title='bbox 360 4190 396 4253; x_wconf 79' lang='lat' dir='ltr'><strong>(ev</strong></span> <span class='ocrx_word' id='word_1_227' title='bbox 414 4194 455 4241; x_wconf 86' lang='lat' dir='ltr'><strong>oo.</strong></span> 
     </span>
     <span class='ocr_line' id='line_1_32' title="bbox 362 4286 455 4344; baseline 0 -12"><span class='ocrx_word' id='word_1_228' title='bbox 362 4286 398 4344; x_wconf 73' lang='lat' dir='ltr'><strong>(av</strong></span> <span class='ocrx_word' id='word_1_229' title='bbox 414 4286 455 4333; x_wconf 86' lang='lat' dir='ltr'><strong>eo.</strong></span> 
     </span>
    </p>
   </div>
   <div class='ocr_carea' id='block_1_8' title="bbox 0 0 1736 5167">
    <p class='ocr_par' dir='ltr' id='par_1_9' title="bbox 0 0 1736 5167">
     <span class='ocr_line' id='line_1_33' title="bbox 0 0 1736 5167; baseline 0 0"><span class='ocrx_word' id='word_1_230' title='bbox 0 0 1736 5167; x_wconf 95' lang='lat' dir='ltr'><strong> </strong></span> 
     </span>
    </p>
   </div>
  </div>
 </body>
</html>
