3425 5167
780 584 816 595 ..
839 552 878 613 27
900 582 939 597 ...
979 576 983 589 .

320 681 409 771 quod
431 684 559 749 Drosou
592 680 685 771 lingit
711 656 815 750 multa
837 682 1091 753 maledicentem
1121 684 1263 753 lliotimo
1290 685 1398 774 plrilo-

318 793 424 883 sopho
453 801 486 863 et
510 794 615 863 multa
642 794 728 863 mala
754 804 944 885 precantem
974 796 1064 886 quod
1086 796 1217 885 abipsa
1240 798 1397 887 iuvenem
1485 827 1512 886 g

317 910 455 979 Cliniam
473 910 669 980 abstraxerit
690 911 701 1000 l
724 912 748 1002 l.

359 1028 475 1115 Neque
490 1033 692 1094 tantnmres
706 1024 764 1093 sed
785 1025 884 1093 etiarn
901 1024 1033 1094 dicendi
1049 1044 1154 1114 genus
1171 1034 1241 1095 turn
1258 1027 1397 1096 aliorum

318 1132 530 1218 comicorum,
547 1144 617 1205 turn
633 1137 812 1220 llenandri,
825 1138 974 1206 imitatus
986 1146 1038 1207 est
1048 1138 1211 1208 Lucienus
1229 1139 1327 1229 quiin
1345 1138 1397 1209 his

318 1252 470 1341 dialogis,
492 1253 592 1321 etiarn
622 1253 654 1321 in
682 1254 798 1342 quinto
826 1255 919 1343 cujus
945 1255 1208 1343 impurissimum
1229 1265 1279 1325 est
1299 1276 1398 1346 argu-

317 1379 479 1451 mentum,
501 1370 665 1439 sermonis
685 1369 863 1460 quamdam
883 1369 1115 1440 verecundiam
1144 1382 1177 1440 et
1197 1369 1395 1440 modestiam

316 1493 453 1575 usurpat
468 1484 752 1575 subtilitatemque
771 1494 804 1554 et
821 1485 1016 1574 elegantiam
1038 1486 1148 1576 potius
1166 1486 1344 1576 quamnim
1366 1494 1399 1554 et

316 1602 559 1671 vehementiam
582 1610 811 1672 consectatur:
831 1601 1045 1670 Menandrum
1064 1610 1121 1670 aut
1136 1602 1306 1671 Menandri
1325 1602 1398 1669 imi-

317 1725 467 1796 tatorem,
490 1717 692 1796 Terentium,
711 1716 769 1785 tibi
783 1716 892 1805 legere
909 1717 1042 1786 videris.
1149 1749 1156 1762 ·

359 1840 398 1901 lt
412 1833 514 1913 enim,
524 1832 552 1900 si
563 1831 678 1901 comici
692 1852 711 1898 a
723 1831 867 1901 luciano
879 1841 911 1901 el
924 1832 1105 1901 sententias
1120 1840 1152 1900 et
1167 1832 1325 1901 orationis
1338 1833 1398 1901 lor-

315 1968 401 2016 mam
418 1956 570 2037 repetere
583 1955 737 2037 possunt,
759 1934 929 2037 qoidergo
947 1946 992 2013 illi
1007 1946 1235 2035 relinquetur?
1247 1952 1317 2015 Una
1330 1955 1398 2015 tan-

315 2074 384 2134 tum
399 2065 502 2133 virtus
517 2062 576 2132 sed
592 2083 631 2132 ea
642 2082 752 2151 neque
769 2061 1013 2132 contemnenda
1028 2081 1136 2151 neque
1152 2063 1315 2151 vulgaris:
1334 2063 1397 2132 sci-

315 2182 390 2251 licet
402 2187 496 2249 tanta
508 2187 577 2247 arte
591 2178 740 2248 imitatur
754 2187 789 2247 ut
805 2178 895 2247 nulla
908 2178 976 2247 lere
992 2177 1185 2247 imitationis
1199 2178 1396 2266 significatio

314 2302 484 2386 appareat;
498 2303 650 2363 tamrere
661 2292 811 2383 depingit
822 2292 1031 2362 meretricum
1046 2312 1168 2372 mores,
1181 2293 1300 2372 studia,
1311 2312 1399 2361 amo-

315 2431 382 2480 rem
394 2418 452 2480 aut
466 2430 579 2480 verum
597 2418 630 2478 et
640 2410 829 2498 gratuitum,
848 2418 906 2478 aul
919 2409 1035 2479 lalsum
1050 2419 1083 2478 et
1095 2411 1255 2498 penalem,
1273 2410 1397 2499 zeloty-

314 2526 413 2615 piam,
422 2526 623 2594 variasartes
633 2525 754 2615 quibus
763 2525 886 2594 amicos
896 2525 1090 2593 aulallioere
1104 2533 1160 2593 aut
1170 2525 1313 2593 retinere
1324 2543 1397 2614 pos-

315 2641 389 2722 sint,
401 2648 438 2708 ut
451 2640 560 2708 nullos
573 2648 726 2708 auctores
743 2639 800 2707 sed
815 2648 965 2708 naturam
978 2639 1083 2728 ipsam
1097 2648 1131 2708 et
1145 2640 1218 2707 vitae
1230 2639 1398 2728 exemplar

314 2754 479 2844 respicere
496 2753 724 2834 videaturaita
740 2755 912 2844 proprium
928 2763 959 2823 et
977 2754 1261 2823 accommodatum
1277 2754 1396 2843 cuique

315 2888 464 2959 persone
480 2887 668 2938 sermonem
686 2868 803 2937 trilruit
821 2877 860 2937 ut
882 2889 948 2938 non
971 2869 1073 2938 libros
1094 2868 1151 2937 sed
1177 2888 1272 2938 suam
1289 2870 1396 2957 ipsius

313 2962 653 3075 prudentiam'sequi;
674 2985 718 3052 ita
735 2986 816 3053 scite
836 2993 869 3054 et
882 2984 987 3074 perite
1004 2983 1151 3073 dialogos
1166 2993 1283 3053 tractat
1300 2984 1395 3074 quasi

314 3119 428 3190 parvas
447 3100 575 3170 fabulas
603 3099 783 3188 inquibus
811 3100 893 3168 nilril
918 3099 1027 3179 deest,
1058 3118 1168 3189 neque
1196 3100 1396 3189 prooemium

314 3232 421 3313 neque
450 3213 558 3282 nodus
586 3232 696 3302 neque
723 3213 846 3293 exilUS,
881 3222 918 3282 ut
944 3233 1002 3284 eos
1032 3214 1260 3303 composuisse
1282 3234 1392 3304 posse,

314 3329 441 3398 etiamsi
462 3330 568 3399 nullas
592 3322 794 3399 comicorum
820 3329 947 3398 fabulas
968 3329 1002 3397 iu
1027 3330 1181 3399 manibus
1205 3330 1392 3411 habuisset;
1432 3421 1436 3430 .

315 3445 359 3514 ita
373 3444 467 3515 facile
488 3453 521 3514 et
536 3445 675 3516 feliciter
701 3465 817 3515 omues
840 3446 970 3516 dicendi
992 3445 1129 3514 virtutes
1154 3446 1342 3535 assequitur
1359 3454 1396 3514 ut
1484 3501 1490 3506 -

315 3580 369 3630 eas
400 3580 467 3629 uon
494 3559 534 3628 ab
564 3559 636 3629 aliis
665 3561 870 3650 expressisse
897 3561 955 3630 sed
986 3581 1025 3631 ex
1058 3581 1094 3630 se
1117 3562 1193 3651 ipso
1223 3561 1393 3632 extulisse.

313 3675 453 3744 Proinde
467 3674 514 3744 sic
531 3674 639 3744 aliena
664 3675 784 3743 imitari
806 3695 891 3765 pene
917 3674 1083 3747 difficilius
1104 3697 1165 3746 nec
1184 3679 1295 3745 miuus
1321 3678 1395 3766 glo-

313 3790 437 3859 riosum
456 3799 555 3881 qu'am
575 3811 661 3861 nora
680 3790 828 3878 iuvenire
847 3816 853 3859 :
876 3811 975 3881 quarn
1002 3812 1070 3861 reru
1086 3793 1289 3882 posteritatis
1303 3794 1395 3883 judi-

313 3906 399 3976 cium
414 3908 507 3997 quasi
524 3907 751 3998 comprobavit
769 3918 802 3978 et
818 3909 1034 3978 confirmavit.
1059 3911 1127 3981 Illis
1154 3911 1242 3980 enim
1259 3910 1392 3981 luciani

313 4024 447 4110 picturis
468 4025 547 4094 nihil
572 4034 649 4115 post
665 4033 714 4093 tot
735 4026 848 4095 secula
869 4026 910 4095 de
933 4027 1084 4108 veritate,
1109 4026 1190 4095 nihil
1210 4027 1250 4096 de
1279 4026 1394 4116 splen-

344 4273 378 4340 (ι)
395 4274 492 4340 nrarog.
509 4284 609 4329 meree.
628 4276 667 4328 ro.
