3425 5167
775 547 937 606 ,69-

732 792 967 880 tritonus

363 1132 482 1200 Omnia
500 1131 569 1201 iere
594 1151 669 1221 quae
689 1127 806 1199 comici
827 1146 901 1198 cum
926 1128 1070 1198 Luciano
1096 1126 1221 1198 habent
1241 1145 1393 1198 commu-

316 1245 464 1316 uiamibi
478 1246 593 1316 videor
605 1266 679 1316 esse
692 1254 888 1317 exsecutus:
907 1254 1009 1316 restat
1028 1266 1133 1328 nunc,
1157 1253 1194 1315 ut
1206 1245 1283 1316 huic
1296 1264 1393 1335 opus-

317 1364 391 1433 culo
428 1362 530 1433 finem
552 1364 742 1454 imponam,
774 1363 990 1454 quaerendum
1023 1362 1126 1445 illud,
1160 1363 1213 1433 cui
1243 1363 1392 1432 omnium
1487 1414 1490 1421 .

317 1477 460 1547 maxime
478 1477 646 1559 debuerit,
676 1478 756 1565 quid
776 1479 848 1568 ipse
863 1476 1033 1568 proprium
1048 1477 1214 1558 habuerit,
1233 1485 1280 1559 et,
1298 1457 1405 1547 deni-⁸

317 1614 393 1684 que,
412 1594 492 1684 quid
513 1595 555 1664 de
573 1594 628 1664 illo
642 1594 896 1664 existimandum
914 1593 967 1662 sit.
1033 1624 1036 1630 ¹

359 1713 398 1777 Et
425 1709 584 1798 primum,
607 1707 695 1777 haud
725 1727 811 1797 aegre
832 1716 969 1797 apparet
995 1707 1176 1778 Lucianum
1203 1728 1243 1777 ex
1269 1709 1394 1777 Aristo-

316 1824 423 1914 phane
444 1826 654 1916 potissimum
672 1823 831 1914 pendere.
852 1824 1039 1913 Assumpsit
1054 1823 1220 1913 quideme
1239 1844 1322 1893 nova
1338 1844 1391 1893 co-

315 1938 824 2027 moediameretriciosdialogos
839 1928 1060 2028 philosophiae
1073 1956 1232 2018 amorem,
1250 1941 1392 2006 Deorum

315 2062 560 2143 contemptum;
578 2074 597 2123 a
611 2053 722 2123 media
738 2053 910 2144 allegorias
926 2060 960 2122 et
972 2052 1156 2123 Parasitum
1171 2075 1178 2121 :
1194 2052 1253 2123 sed
1268 2061 1391 2142 quanto

313 2168 410 2257 plura
436 2167 478 2237 ab
503 2168 722 2258 Aristophane
748 2176 919 2237 mutuatus
948 2170 1012 2238 estl
1041 2166 1134 2236 Illius
1154 2151 1391 2236 instar'numi·

314 2281 417 2351 natim
440 2301 604 2370 personas
624 2283 777 2363 traducit,
794 2291 828 2350 et
842 2290 932 2371 saepe
947 2281 1046 2350 etiam
1070 2280 1215 2361 easdem,
1236 2282 1391 2351 Cleonem

315 2395 458 2477 scilicet,
479 2394 623 2479 Calliam,
646 2395 884 2485 Hyperbolum,
902 2375 1125 2485 Hipponicum
1155 2401 1390 2466 etsocratem:
1428 2375 1432 2383 ¹

317 2512 434 2580 eadem
451 2510 591 2580 audacia
609 2510 772 2580 mirabilia
795 2510 899 2600 fingit,
922 2511 1038 2581 eadem
1057 2510 1238 2592 acrimonia
1254 2521 1287 2581 et
1303 2530 1394 2581 acer-

316 2626 420 2709 bitate
440 2627 473 2694 iu
493 2625 639 2715 privatos
658 2624 773 2695 bostes
793 2625 969 2709 invehitur,
995 2625 1110 2695 eadem
1129 2626 1255 2695 incuria
1271 2626 1392 2715 saepius

315 2740 636 2811 verisimilitudinem
647 2749 681 2810 et
696 2740 897 2810 diversarum
911 2740 1054 2829 partium
1069 2740 1319 2829 congruentiam
1332 2761 1390 2809 ue·

314 2857 415 2948 gligit,
436 2858 592 2926 eumdem
607 2857 758 2927 ordinem
778 2874 888 2948 rerum
906 2856 1066 2944 sequitur,
1090 2854 1240 2924 eamdem
1260 2856 1391 2926 dicendi

315 2972 454 3041 lormam
480 2972 624 3042 allectat.
651 2971 736 3053 Quid
760 2970 884 3039 multat
907 2973 982 3058 Ipse
1003 2976 1036 3037 et
1066 2979 1225 3060 quantum
1245 2972 1391 3060 autiquae

265 3086 272 3095 ’
316 3088 488 3157 comoediae
508 3086 671 3169 debuerit,
693 3087 727 3156 in
747 3085 955 3155 Proruetbco
980 3070 1060 3154 satis
1080 3085 1176 3165 clare,
1198 3085 1231 3152 in
1250 3085 1310 3153 Bia
1331 3104 1393 3155 uc·
1439 3103 1442 3108 ·

316 3211 439 3272 cosule
467 3212 580 3293 aperte
613 3201 771 3284 declarat,
802 3209 835 3271 et
859 3198 1068 3290 Aristophani
1092 3206 1251 3289 quantam
1281 3207 1394 3289 potest

247 3325 250 3332 '
316 3319 452 3407 gratiam
468 3317 638 3407 ingeniose
654 3317 753 3387 relert
769 3318 800 3385 iu
823 3320 910 3388 Vero
925 3317 1097 3401 Historia,
1120 3318 1198 3388 dum
1225 3335 1261 3385 se
1275 3318 1392 3386 urbem

314 3436 648 3527 Nephelocoeoygiam
677 3437 797 3506 vidisse
826 3436 983 3517 affirmat,
1009 3455 1136 3527 eosque
1149 3436 1312 3525 vituperat
1336 3435 1393 3525 qui

316 3552 569 3644 Aristophanem
586 3552 749 3643 mendacii
769 3552 937 3641 arguerint
958 3551 995 3642 (l,
1012 3554 1077 3640 29).

359 3673 436 3737 Haec
463 3666 544 3735 satis
564 3665 665 3735 habui
691 3666 731 3736 de
756 3666 1029 3736 similitudinibus
1049 3667 1178 3737 dicere:
1202 3668 1268 3758 jam
1297 3668 1393 3738 venio

315 3784 356 3853 ad
387 3782 690 3861 dissimilitudines,
724 3802 798 3872 quaa
824 3791 857 3851 et
881 3783 994 3852 multae
1028 3790 1198 3873 etgraves
1230 3789 1321 3863 suut;
1360 3783 1394 3851 id

316 3909 428 3970 autem
447 3900 592 3970 Lucieno
609 3919 675 3968 nou
694 3897 847 3988 gratulari
865 3918 930 3967 nun
946 3919 1095 3989 possum.
1115 3899 1147 3967 si
1160 3898 1246 3967 euim
1263 3916 1396 3986 semper

316 4017 438 4086 imitari
451 4015 688 4087 comicossatis
702 4012 890 4096 habuisset,
908 4012 973 4081 illis
991 4013 1171 4102 comparari
1191 4011 1281 4081 nullo
1293 4012 1394 4081 modo

316 4142 440 4222 posset.
470 4133 530 4215 Qui
553 4133 641 4201 enim
659 4152 792 4221 semper
817 4132 979 4221 sequitur,
1008 4151 1140 4220 semper
1164 4131 1328 4220 posterior
1354 4130 1396 4198 sit

316 4268 453 4318 neeesse
476 4257 538 4318 est.
561 4249 660 4337 Cujus
681 4248 729 4318 rei
750 4248 838 4337 apud
864 4248 973 4337 ipsum
998 4246 1178 4316 Luriauum
1206 4266 1272 4315 non
1293 4264 1397 4334 pauca
