3425 5167
773 525 936 601 -ao-
1034 599 1038 606 .

317 674 449 753 vellem,
480 681 568 742 totus
602 672 687 741 liber
721 681 753 740 et
781 671 994 760 longissimus
1025 669 1391 760 quidemellieeretur;

317 788 545 877 deinde,quod
561 787 826 877 eapotissimum,
838 786 1003 876 quaeinter
1016 787 1159 856 eominus
1171 794 1203 855 ot
1215 787 1393 856 Lunianum

316 902 504 972 eommunia
524 911 612 982 sunt,
632 902 888 971 demonstranda
904 902 1056 991 suseepij:
1076 922 1143 992 quo
1155 910 1266 971 autem
1285 902 1394 972 verius

275 1068 278 1073 >
314 1039 408 1087 suam
422 1027 552 1088 aetatem
570 1019 718 1108 depinxit
734 1020 906 1103 ereianus,
926 1040 965 1089 eo
987 1022 1104 1109 magis,
1127 1029 1165 1089 ut
1185 1042 1244 1111 par
1268 1031 1348 1103 erat,
1376 1042 1394 1089 a

316 1137 450 1204 nominis
476 1136 602 1204 recedit
626 1137 680 1225 qui
705 1135 807 1204 mullo
827 1143 903 1203 anto
925 1135 1088 1204 vivebant.
1107 1139 1225 1224 ltaque
1247 1134 1300 1203 vix
1325 1154 1392 1203 uno

313 1248 414 1317 verbo
435 1265 694 1317 commemorare
715 1267 850 1337 possum
869 1268 967 1338 quam
984 1248 1122 1338 abiecte,
1154 1268 1253 1338 quam
1279 1228 1393 1316 adula-

314 1364 397 1430 torie
422 1362 509 1431 aridi
540 1363 691 1431 homines
714 1363 847 1433 lauriani
871 1372 1022 1453 tempore
1051 1370 1252 1431 testamenta
1282 1361 1394 1451 capta-

315 1486 388 1546 rent
407 1477 463 1566 (l),
482 1497 563 1567 quas
585 1477 656 1546 aliis
673 1478 811 1547 insidias
829 1487 1006 1558 struerent,
1025 1498 1124 1567 quam
1147 1477 1287 1547 ridicule
1303 1476 1396 1546 deei-

314 1600 483 1680 perentur,
505 1602 537 1661 et
554 1595 624 1661 suis
646 1593 771 1662 retibus
788 1595 850 1684 ipsi
866 1614 902 1663 so
925 1594 1142 1683 implicarent,
1165 1612 1265 1682 quam
1291 1592 1396 1682 negli-

314 1715 429 1794 genter
449 1706 625 1795 provinoiae
645 1707 691 1796 (2)
713 1709 1032 1791 administrarentur,
1054 1727 1153 1797 quarn
1171 1707 1258 1776 male
1279 1704 1322 1795 (3)
1339 1708 1395 1796 jus

315 1820 489 1902 diceretur,
513 1822 571 1891 sed
597 1823 729 1892 silentio
751 1843 881 1914 nequeo
907 1824 1074 1913 praeterire
1101 1823 1234 1913 quaeda
1255 1823 1394 1892 divitum

315 1936 471 2026 superbia
492 1947 524 2006 et
543 1957 726 2027 pauperum
742 1939 946 2019 humilitate,
966 1958 1038 2027 quae
1060 1937 1100 2005 de
1127 1956 1239 2006 amore
1269 1938 1406 2026 gloriae,

315 2051 355 2121 de
374 2054 610 2143 superstitione
629 2054 711 2122 dixit
730 2055 904 2136 Lucienus,
925 2074 999 2123 eunt
1023 2053 1094 2122 haee
1115 2053 1195 2121 vilia
1212 2061 1244 2122 et
1263 2053 1396 2122 ereber-

314 2169 397 2235 rime
416 2176 448 2236 et
465 2148 621 2239 acerrime
640 2170 862 2257 exagitaverit,
880 2168 1021 2237 simodo
1038 2166 1212 2237 ostendere
1227 2166 1302 2234 volo
1318 2187 1394 2236 eum

315 2280 347 2348 in
364 2282 495 2370 seriptis
509 2277 603 2371 quasi
620 2282 654 2350 in
673 2281 816 2371 quodam
836 2284 972 2373 speculo
990 2299 1084 2351 suam
1102 2272 1232 2350 aetatem
1261 2280 1395 2352 intuen-

316 2395 391 2463 dam
408 2396 586 2465 lectoribus
601 2397 827 2486 proposuisse.

815 2596 889 2674 §b

380 2780 424 2829 DE
450 2778 597 2830 DlVI'l'Ubl
622 2778 787 2831 SUPERBlA
811 2779 853 2829 Er
879 2777 1062 2829 Plurnnun
1089 2778 1319 2829 uuuttt'rlrx.

358 2958 495 3041 Semper
511 2950 646 3041 quidem
662 2952 779 3021 divites
797 2952 838 3020 ad
860 2952 1062 3041 superbiam,
1082 2971 1255 3041 pauperes.
1267 2952 1308 3021 ad
1330 2953 1395 3023 bu-

314 3065 488 3134 militatem
506 3064 815 3155 adulationemque,
836 3084 1006 3153 nunquam
1027 3073 1138 3133 autern
1162 3065 1304 3135 sortasse
1328 3075 1395 3136 tam

315 3180 528 3269 impudenter
547 3200 646 3270 quam
666 3181 798 3249 Luciani
817 3180 1043 3269 temporibus,
1073 3181 1199 3270 delapsi
1221 3190 1310 3251 sunt.
1334 3182 1396 3250 lot

314 3294 513 3382 llipra'aum,
526 3295 579 3374 adi
593 3297 771 3382 Cynicam,
785 3293 1004 3373 Saturnalia
1013 3304 1046 3365 et
1059 3296 1241 3385 praesertim
1253 3297 1295 3367 de
1305 3302 1397 3365 Mar-

317 3407 399 3478 aede
427 3408 619 3490 conductis,
645 3408 842 3499 videbisque
868 3428 934 3499 quo
959 3410 1124 3499 superbiae
1149 3410 1396 3522 etoinsolentiae
1451 3434 1454 3440 ·

316 3523 433 3591 divites
459 3530 723 3612 prorumperent.
741 3527 936 3605 Immanem,
962 3531 998 3591 ut
1017 3524 1063 3591 ita
1082 3523 1200 3605 dinam,
1229 3526 1396 3594 luxuriam

316 3638 471 3709 affectant
490 3639 756 3719 investimentis,
778 3638 920 3721 balneis,
940 3638 1048 3728 epulis
1064 3647 1096 3707 et
1115 3640 1214 3707 etiam
1233 3640 1265 3707 in
1283 3642 1397 3729 sepul-

317 3756 415 3836 turis,
441 3754 547 3824 aliena
569 3756 750 3845 loquuntur
769 3775 866 3836 voce,
894 3753 1009 3825 alienis
1035 3753 1176 3844 pedibus
1202 3754 1390 3835 ambulant,
1482 3764 1485 3774 '

317 3867 433 3938 alienis
452 3868 557 3942 oculis
571 3868 696 3938 rident.
716 3874 928 3958 Temporum,
947 3867 1120 3958 regionum
1138 3867 1300 3937 rationem
1321 3887 1396 3958 per-

350 4064 597 4130 (nominatiora,
614 4067 638 4122 5,
656 4067 694 4113 lo.
711 4090 741 4101 -
757 4065 793 4114 Cf.
813 4064 910 4122 Timon,
926 4066 966 4113 22.
981 4090 1011 4100 -
1023 4064 1160 4114 Rbetoram
1172 4064 1298 4129 Proeeept.

351 4156 385 4227 (2)
403 4158 562 4217 Lucius,16.

288 4292 290 4296 .
351 4252 381 4310 (3)
398 4248 529 4307 Alexand..
546 4250 585 4299 57.
