3425 5167
664 593 667 595 ,
777 558 937 617 „23-

315 686 432 773 ltaque
452 702 509 753 eos
527 684 627 753 etiam
644 686 754 754 acrius
770 706 870 777 quam
892 687 1111 777 philosophos
1128 698 1161 759 et
1178 695 1264 760 Deos
1288 692 1398 762 insec-

316 809 404 870 tatur
419 795 618 892 accusatque
635 802 728 891 quod
740 803 816 870 mali
836 804 903 871 sint
916 813 949 872 et
961 804 1067 875 fallaci
1083 806 1243 888 oratione,
1264 808 1397 896 privatae

315 918 466 988 utilitatis
483 937 592 998 causa,
617 919 866 989 multitudinem
888 920 1065 1009 decipiant.
1092 925 1163 989 Hoc
1182 922 1216 990 in
1240 941 1306 991 uno
1327 924 1396 993 lere

315 1042 510 1122 argumento
523 1043 672 1104 versatur
683 1034 910 1123 Aristophanis
923 1034 1035 1104 sabula
1048 1055 1121 1125 qnae
1133 1035 1398 1126 Epuitecinscri-
1489 1080 1494 1087 -

313 1145 413 1228 bitur,
439 1165 499 1216 nec
521 1155 622 1236 poeta
645 1146 749 1227 ridet,
775 1167 843 1216 non
860 1148 1006 1237 jocatur,
1030 1149 1089 1219 sed
1109 1149 1276 1233 irascitur,
1304 1151 1394 1220 indi-

314 1270 443 1351 gnatur,
461 1281 528 1331 non
546 1262 660 1332 leviter
673 1271 705 1331 et
724 1263 863 1332 remisse
880 1263 1080 1352 plebiculam
1094 1266 1250 1337 Cleonem
1262 1268 1397 1340 lacessit

316 1377 375 1447 sed
396 1378 525 1447 intente
545 1387 579 1447 et
599 1380 752 1449 atrociter
767 1380 958 1450 insectatur.

360 1496 471 1582 Longe
490 1492 586 1562 aliter
605 1493 714 1563 media
734 1494 898 1563 comoedia
926 1496 1102 1585 :jocosins
1127 1496 1173 1588 (l)
1196 1520 1294 1589 quam
1321 1519 1397 1588 gra-

316 1608 389 1677 vius
403 1609 469 1698 agit
487 1631 494 1676 :
509 1608 680 1678 rhetorum
695 1611 815 1699 gulam,
831 1611 1002 1680 avaritiam
1019 1611 1075 1703 (ἓ),
1091 1612 1223 1683 dicendi
1239 1616 1279 1703 (3)
1292 1634 1396 1703 genus

316 1723 484 1793 levissime
505 1721 710 1813 perstringit,
733 1723 819 1792 lacta
837 1725 948 1793 minus
970 1724 1039 1795 lere
1066 1747 1166 1816 quam
1192 1730 1392 1810 orationem,

316 1841 348 1909 in
370 1839 520 1910 oratione
546 1848 656 1908 autem
683 1838 793 1908 minus
820 1841 1002 1909 sententias
1030 1861 1127 1931 quam
1153 1843 1254 1912 uerba
1282 1864 1396 1933 repre-

316 1954 444 2023 hendit.
462 1958 551 2022 Nova
568 1953 733 2022 comoedia
752 1954 890 2023 omnino
907 1954 1057 2024 rhetoras
1074 1956 1208 2046 negligit
1225 1957 1288 2026 nisi
1304 1958 1394 2047 quod

317 2071 475 2140 et'amice
506 2080 539 2141 et
564 2070 727 2141 rhetorice
754 2092 812 2140 eos
843 2071 1005 2153 hortatur,
1041 2072 1067 2140 si
1097 2092 1212 2141 causas
1243 2073 1395 2143 obtinere

317 2187 429 2267 velint,
448 2186 623 2276 probitatis
643 2185 818 2276 quamdam
838 2187 985 2275 speciem
1006 2206 1072 2275 prae
1092 2206 1128 2256 se
1146 2187 1250 2256 lerant
1269 2185 1329 2278 (Ι)

359 2303 523 2372 Luciauus
536 2303 570 2371 in
586 2303 790 2393 exagitandis
803 2302 1004 2385 rhetoribus
1025 2312 1093 2372 lum
1109 2323 1228 2372 novam
1240 2304 1396 2374 mediam-

318 2439 380 2510 que
401 2420 614 2503 comoediam,
637 2428 708 2489 tum
735 2421 905 2509 antiquam
922 2419 1067 2489 imitatus
1087 2428 1138 2489 est
1165 2443 1172 2487 :
1200 2420 1344 2489 mediam
1363 2428 1396 2488 et

318 2557 435 2606 novam
454 2539 605 2628 sequitur
631 2558 706 2608 cum
735 2556 793 2607 eos
817 2535 1052 2605 morsiunculis
1078 2536 1252 2606 universos
1278 2536 1395 2625 pungit

317 2659 514 2740 accusatque
529 2650 618 2740 qnod
637 2650 842 2739 longioribus
859 2650 1003 2719 exordiis
1020 2658 1156 2719 utantur
1174 2650 1229 2739 (5),
1252 2669 1292 2717 eo
1308 2669 1394 2739 prae·

318 2766 436 2834 clarius
466 2767 572 2855 egisse
602 2766 665 2836 sibi
688 2766 864 2834 videantur
891 2783 958 2855 quo
985 2764 1164 2832 violentius
1196 2763 1395 2851 inclamave-

317 2880 381 2949 rint
396 2880 456 2965 (ol,
476 2879 566 2977 qrrod
579 2899 712 2970 semper
724 2880 758 2947 in
777 2869 896 2949 iisdem
912 2875 994 2947 loci's
1010 2897 1046 2946 se
1058 2879 1182 2967 jactent
1197 2887 1296 2967 atque
1313 2876 1392 2945 elle-

317 3005 400 3076 rant,
422 2998 621 3076 Marathona,
655 2996 820 3065 Salamina
847 3015 980 3085 semper
1006 2995 1040 3063 in
1070 3013 1127 3063 ore
1158 2985 1301 3062 habeant
1330 2992 1391 3082 ll);

317 3104 1393 3200 sequiturantiquamaristophaneamqueexprimitacerbilalem
1492 3138 1495 3146 ·

351 3390 381 3448 (l)
397 3388 493 3445 Alexis,
510 3386 645 3443 Ponticus,
658 3382 792 3441 lleineck.,
808 3382 857 3440 lll,
872 3384 920 3431 lua
936 3396 943 3430 ε

475 3492 540 3568 ὑπὲρ
556 3492 665 3565 πάτρας
686 3491 728 3565 μὲν
742 3494 794 3551 πᾶς
809 3508 848 3549 τις
864 3489 1036 3547 ἀποθνήσκειν
1052 3486 1114 3543 θέλει

477 3600 542 3674 ὑπὲρ
558 3597 584 3654 δε
596 3602 699 3675 μήτρας
714 3593 879 3672 Καλλιμέδων
895 3594 1041 3670 ὁΚάραὸος

477 3708 552 3782 ἑφθῆς
566 3703 632 3768 ἴσως
645 3704 765 3777 προσεῖτ’
783 3699 815 3757 ἂν
830 3698 911 3765 ἄλλως
927 3704 1078 3769 ἀποθανεῖν.
1095 3734 1126 3744 -
1139 3705 1187 3764 Ch,
1204 3704 1247 3768 111,
1263 3706 1320 3753 602.

270 3854 275 3863 .
351 3817 387 3883 (ἓ)
402 3818 535 3873 Τίνιιοοίον,
550 3814 683 3872 hemeah,
699 3815 741 3871 111,
756 3816 815 3898 b9l.

235 3926 243 3941 ·
351 3908 385 3971 (3)
398 3908 531 3978 Heluetii„
544 3907 589 3965 ΙΙΙ,
603 3908 644 3965 92,
661 3907 718 3964 342,
735 3906 793 3964 385,
809 3904 867 3962 478,
885 3907 941 3954 598.

352 3999 385 4065 (4)
435 3998 477 4048 m.
548 3999 662 4057 irasc.
800 4000 804 4004 ·

351 4090 388 4156 (5)
401 4090 499 4148 Timon,
513 4090 554 4138 37.

353 4188 384 4246 ro)
423 4181 465 4232 ru.
514 4186 555 4233 u.

354 4277 389 4344 (7)
404 4278 542 4327 Rhetorum
551 4269 686 4341 praecept,
705 4277 744 4335 16,
762 4276 801 4335 17,
819 4277 859 4323 le.
