3425 5167
842 544 1005 621 ..4¹0-

380 674 502 755 ellccit,
523 694 731 766 superosque
750 696 792 747 ex·
808 678 947 766 Olympo
964 647 1213 748 itadeturbavit
1228 684 1265 746 ut
1279 696 1320 747 ne
1338 676 1454 748 decem

379 786 515 877 quidem
528 786 738 857 Julianorum
758 806 823 875 ope
842 786 922 856 illuc
940 787 1070 857 restitui
1087 798 1237 877 possent.

422 898 1456 992 (lbilludautemmultivehementissimelucianumincrepue-

378 1016 680 1105 runt‘1interquos
693 1015 838 1104 Baylius;
858 1034 932 1105 quae
946 1034 999 1084 res
1013 1035 1093 1113 sane
1107 1035 1146 1085 eo
1159 1017 1342 1087 mirabilior
1355 1017 1459 1088 rideri

346 1179 349 1185 -
378 1138 489 1221 potest
516 1130 607 1220 quod
627 1149 695 1199 non
717 1130 786 1199 lere
811 1131 923 1199 minus
949 1149 1049 1219 quam
1074 1130 1235 1199 ercianus
1258 1132 1454 1221 religionem

379 1243 578 1334 negligebat.
596 1243 629 1312 si
645 1262 738 1332 ergo,
763 1242 900 1313 eumad
922 1243 1046 1313 inleros
1070 1244 1255 1325 descendit,
1276 1244 1457 1315 lucianum

377 1358 474 1441 vidit,
493 1358 604 1428 videre
622 1367 733 1428 autem
749 1358 867 1428 debuit
883 1379 986 1449 quum
998 1358 1256 1448 proximeillum
1269 1378 1337 1427 non
1354 1359 1458 1429 collo

378 1472 442 1541 1111
457 1492 522 1541 111
536 1473 694 1561 potuerit,
714 1472 808 1542 lacile
822 1472 1018 1542 crediderim
1039 1472 1219 1541 Lucienum
1239 1473 1271 1541 in
1286 1473 1375 1543 hunc
1388 1472 1458 1543 iere

378 1584 514 1667 modum
528 1603 653 1653 comeo
664 1584 866 1653 collocutum
879 1602 965 1652 esse.
979 1604 996 1649 «
1008 1586 1078 1651 Non
1089 1585 1170 1652 satis
1184 1584 1293 1652 mirari
1303 1604 1455 1673 possum,

378 1698 482 1789 Bayli,
500 1698 589 1789 quod
605 1706 636 1768 te
651 1694 916 1768 inimicissimum
928 1699 1038 1767 inveni
1052 1718 1152 1787 quem
1165 1709 1301 1789 propter
1315 1709 1455 1783 naturae,

379 1814 564 1883 studiorum
587 1813 896 1902 sententiarumque
925 1813 1172 1902 congruentiam
1190 1814 1271 1882 mihi
1296 1815 1460 1885 amicissi-

380 1949 472 1999 mum
484 1949 558 1999 esse
577 1930 702 2012 decuit,
712 1929 811 2019 ⁴quod
825 1921 1062 2017 philosophum
1076 1928 1307 2017 philosophus,
1321 1945 1458 1998 aaaron

378 2060 526 2127 σκεπτικὸς,
543 2059 842 2132 primumprimnum,
864 2042 1069 2113 atrocissime
1086 2043 1302 2133 impugnasti.
1321 2048 1460 2113 Possem

381 2158 469 2226 haud
490 2178 577 2247 aegre
591 2158 624 2227 in
642 2178 695 2228 me
711 2158 860 2247 conjecta
876 2157 943 2227 tela
957 2154 1017 2225 tibi
1032 2156 1216 2239 remittere,
1240 2174 1375 2246 possem
1392 2177 1411 2224 a
1427 2165 1458 2226 te

274 2294 277 2302 ·
378 2266 526 2360 quaerere
553 2271 609 2360 qui
636 2279 702 2339 tam
722 2272 936 2345 vehementer
955 2270 1035 2338 mihi
1056 2269 1208 2340 irasceris
1230 2269 1320 2360 quod
1343 2270 1458 2339 [alsam

378 2386 590 2474 religionem,
623 2385 707 2455 falsa
733 2386 871 2454 numina
893 2385 1073 2454 insectatus
1095 2404 1185 2465 sum,
1217 2403 1298 2452 num
1326 2403 1460 2473 semper

377 2521 455 2571 vero
472 2508 539 2571 beo
567 2501 694 2590 (verum
710 2511 821 2571 autem
842 2520 916 2570 esse
937 2501 1087 2589 ignorare
1103 2520 1170 2569 non
1188 2498 1351 2589 poteras),
1371 2518 1459 2569 uerae

377 2616 526 2706 religioni
544 2618 742 2706 peperceris.
763 2615 827 2685 Sed
840 2616 911 2684 baec
926 2616 1058 2693 omitto,
1077 2635 1117 2684 ne
1132 2623 1164 2684 te
1181 2624 1336 2683 accusare
1349 2614 1459 2702 potius

376 2752 476 2821 quam
491 2753 545 2802 me
561 2733 737 2803 defendere
751 2731 876 2801 videar.
900 2736 981 2801 Rem
999 2731 1105 2819 ipsam
1128 2715 1301 2819 aggredior
1321 2737 1353 2798 et
1367 2749 1459 2819 quo·
1542 2772 1545 2777 -

375 2850 464 2917 niam
486 2868 539 2917 me
561 2847 753 2937 gravissime
775 2845 1019 2935 reprehendisti
1039 2844 1129 2935 quod
1152 2847 1238 2913 Deos
1263 2862 1303 2912 11
1320 2842 1458 2933 Olympo

376 2961 567 3050 dejecerim,
593 2962 627 3031 ld
645 2962 787 3031 libenter
809 2960 893 3029 scire
910 2960 1022 3038 velim,
1045 2976 1144 3048 quem
1166 2956 1300 3024 tandem
1323 2956 1458 3025 illorum

376 3073 540 3165 dejectum
559 3073 665 3146 nolles
688 3099 694 3144 :
719 3078 915 3144 lovem-nel
939 3072 1003 3142 Sed
1031 3072 1105 3161 quis
1131 3070 1236 3139 nescit
1268 3089 1344 3139 eum
1372 3071 1457 3159 patri

376 3209 513 3279 regnum
533 3192 715 3281 eripuisset
730 3190 846 3280 (multo
868 3191 957 3260 eninr
974 3189 1122 3277 graviora
1143 3185 1265 3256 relerr'e
1287 3187 1426 3276 possim)
1446 3214 1453 3257 :

375 3306 432 3394 qui
453 3325 530 3393 ergo
554 3308 628 3396 J'ure
652 3308 744 3397 queri
764 3307 872 3397 possit
896 3308 923 3376 si
945 3324 1082 3393 regnum
1105 3304 1191 3372 male
1214 3310 1345 3392 partum
1370 3305 1457 3373 male

375 3422 506 3488 amisitt
524 3422 711 3491 Bacchum?
725 3421 789 3491 Sed
807 3424 882 3511 quis
897 3441 963 3491 non
978 3426 1083 3489 lleum
1100 3419 1189 3500 dice,
1208 3419 1268 3488 sed
1283 3418 1453 3489 bominem

375 3546 441 3606 tam
461 3539 649 3608 vinolentiae
671 3538 836 3622 deditum,
866 3548 932 3607 tam
954 3538 1031 3606 luxu
1055 3534 1278 3619 diffluentem,
1307 3544 1375 3605 tam
1396 3537 1457 3607 de-

375 3651 457 3721 liciis
482 3651 707 3723 effeminatum
729 3653 905 3722 toleraret?
934 3631 1151 3719 Mercurium?
1180 3653 1362 3720 Venerem?
1391 3650 1457 3720 Sed

334 3848 337 3854 ¹
376 3768 451 3858 quis
480 3766 578 3835 talem
600 3786 747 3849 servum,
777 3766 876 3835 talem
901 3765 1076 3855 conjugem
1095 3764 1221 3834 babere
1244 3766 1361 3835 1111111
1383 3769 1456 3833 lam

375 3902 451 3952 vero
467 3891 503 3951 ut
521 3882 662 3972 quisque
681 3879 795 3951 litium
817 3878 986 3970 quoddam
1009 3878 1177 3969 peculiare
1202 3879 1297 3969 quasi
1321 3879 1455 3969 proprio

371 3997 446 4086 jure
465 3994 527 4063 sibi
545 3994 703 4077 vindicat,
726 3994 772 4062 ita
788 3993 869 4061 illud
886 3991 1012 4065 babent
1033 4001 1209 4061 commune
1230 3990 1320 4083 quod
1340 4011 1456 4062 omnes

374 4113 496 4201 pariter
519 4112 622 4180 amori
650 4111 829 4200 indulgent.
859 4112 974 4176 Amare
993 4109 1132 4178 fortasse
1162 4108 1299 4180 concedi
1322 4116 1452 4197 poterat

371 4227 564 4317 JuvenibuS,
585 4227 731 4317 pulchris
752 4235 784 4296 et
809 4226 849 4296 111
871 4226 928 4316 qni
953 4246 1062 4316 neque
1089 4226 1156 4297 lide
1178 4224 1320 4317 conjugii
1346 4243 1455 4314 neque
