<?xml version="1.0" encoding="UTF-8"?>
<!DOCTYPE html PUBLIC "-//W3C//DTD XHTML 1.0 Transitional//EN"
    "http://www.w3.org/TR/xhtml1/DTD/xhtml1-transitional.dtd">
<html xmlns="http://www.w3.org/1999/xhtml" xml:lang="en" lang="en">
 <head>
  <title>
</title>
<meta http-equiv="Content-Type" content="text/html;charset=utf-8" />
  <meta name='ocr-system' content='tesseract 3.04.00' />
  <meta name='ocr-capabilities' content='ocr_page ocr_carea ocr_par ocr_line ocrx_word'/>
</head>
<body>
  <div class='ocr_page' id='page_1' title='image "./quidcomicisdebu00rabagoog_0051.png"; bbox 0 0 3425 5167; ppageno 0'>
   <div class='ocr_carea' id='block_1_1' title="bbox 314 544 1526 2958">
    <p class='ocr_par' dir='ltr' id='par_1_1' title="bbox 837 544 999 604">
     <span class='ocr_line' id='line_1_1' title="bbox 837 544 999 604; baseline 0 -18"><span class='ocrx_word' id='word_1_1' title='bbox 837 574 875 586; x_wconf 93' lang='lat'>..</span> <span class='ocrx_word' id='word_1_2' title='bbox 897 544 937 604; x_wconf 71' lang='lat' dir='ltr'>qq</span> <span class='ocrx_word' id='word_1_3' title='bbox 959 575 999 586; x_wconf 84' lang='grc'>.-</span> 
     </span>
    </p>

    <p class='ocr_par' dir='ltr' id='par_1_2' title="bbox 314 649 1526 2958">
     <span class='ocr_line' id='line_1_2' title="bbox 314 649 1461 761; baseline -0.001 -20"><span class='ocrx_word' id='word_1_4' title='bbox 314 653 316 656; x_wconf 42' lang='grc'><strong>’</strong></span> <span class='ocrx_word' id='word_1_5' title='bbox 334 649 337 655; x_wconf 41' lang='grc'>’</span> <span class='ocrx_word' id='word_1_6' title='bbox 377 671 536 742; x_wconf 87' lang='lat' dir='ltr'>nonnulla</span> <span class='ocrx_word' id='word_1_7' title='bbox 553 689 686 760; x_wconf 90' lang='lat' dir='ltr'>qunque</span> <span class='ocrx_word' id='word_1_8' title='bbox 701 670 890 753; x_wconf 85' lang='lat' dir='ltr'>dissimilia;</span> <span class='ocrx_word' id='word_1_9' title='bbox 908 671 1051 759; x_wconf 90' lang='lat' dir='ltr'>primum</span> <span class='ocrx_word' id='word_1_10' title='bbox 1067 670 1175 753; x_wconf 88' lang='lat' dir='ltr'>multe</span> <span class='ocrx_word' id='word_1_11' title='bbox 1188 670 1328 761; x_wconf 63' lang='lat' dir='ltr'>saepius</span> <span class='ocrx_word' id='word_1_12' title='bbox 1346 673 1461 761; x_wconf 88' lang='lat' dir='ltr'>cepin-</span> 
     </span>
     <span class='ocr_line' id='line_1_3' title="bbox 378 777 1460 877; baseline -0.001 -21"><span class='ocrx_word' id='word_1_13' title='bbox 378 788 447 856; x_wconf 87' lang='lat' dir='ltr'>sius</span> <span class='ocrx_word' id='word_1_14' title='bbox 471 787 687 877; x_wconf 87' lang='lat' dir='ltr'>0rnatiusque</span> <span class='ocrx_word' id='word_1_15' title='bbox 715 786 887 854; x_wconf 85' lang='lat' dir='ltr'>confirmet</span> <span class='ocrx_word' id='word_1_16' title='bbox 910 785 1027 854; x_wconf 88' lang='lat' dir='ltr'>divites</span> <span class='ocrx_word' id='word_1_17' title='bbox 1053 785 1164 875; x_wconf 93' lang='lat' dir='ltr'>specie</span> <span class='ocrx_word' id='word_1_18' title='bbox 1184 785 1288 874; x_wconf 81' lang='lat' dir='ltr'>magis</span> <span class='ocrx_word' id='word_1_19' title='bbox 1304 777 1405 875; x_wconf 91' lang='lat' dir='ltr'>quam</span> <span class='ocrx_word' id='word_1_20' title='bbox 1426 807 1460 855; x_wconf 88' lang='lat' dir='ltr'>re</span> 
     </span>
     <span class='ocr_line' id='line_1_4' title="bbox 377 898 1460 989; baseline -0.001 -18"><span class='ocrx_word' id='word_1_21' title='bbox 377 903 490 973; x_wconf 83' lang='lat' dir='ltr'>felices</span> <span class='ocrx_word' id='word_1_22' title='bbox 509 923 582 973; x_wconf 92' lang='lat' dir='ltr'>esse</span> <span class='ocrx_word' id='word_1_23' title='bbox 601 928 608 971; x_wconf 93' lang='lat'>:</span> <span class='ocrx_word' id='word_1_24' title='bbox 626 903 659 973; x_wconf 91' lang='lat' dir='ltr'>id</span> <span class='ocrx_word' id='word_1_25' title='bbox 675 903 707 971; x_wconf 90' lang='lat' dir='ltr'>in</span> <span class='ocrx_word' id='word_1_26' title='bbox 723 899 882 989; x_wconf 81' lang='lat' dir='ltr'>Dintopis</span> <span class='ocrx_word' id='word_1_27' title='bbox 899 906 1128 984; x_wconf 71' lang='lat' dir='ltr'><em>Mortuerum,</em></span> <span class='ocrx_word' id='word_1_28' title='bbox 1145 902 1179 969; x_wconf 89' lang='lat' dir='ltr'>in</span> <span class='ocrx_word' id='word_1_29' title='bbox 1197 898 1359 988; x_wconf 69' lang='lat' dir='ltr'>eccepto,</span> <span class='ocrx_word' id='word_1_30' title='bbox 1379 900 1413 970; x_wconf 89' lang='lat' dir='ltr'>id</span> <span class='ocrx_word' id='word_1_31' title='bbox 1427 903 1460 970; x_wconf 92' lang='lat' dir='ltr'>in</span> 
     </span>
     <span class='ocr_line' id='line_1_5' title="bbox 377 1015 1461 1105; baseline 0.001 -18"><span class='ocrx_word' id='word_1_32' title='bbox 377 1017 645 1099; x_wconf 75' lang='lat' dir='ltr'>Saturnalibus,</span> <span class='ocrx_word' id='word_1_33' title='bbox 672 1016 830 1101; x_wconf 80' lang='lat' dir='ltr'>Niqrt‘nc,</span> <span class='ocrx_word' id='word_1_34' title='bbox 860 1017 990 1105; x_wconf 81' lang='lat' dir='ltr'>Gpnicc</span> <span class='ocrx_word' id='word_1_35' title='bbox 1012 1025 1043 1086; x_wconf 91' lang='lat' dir='ltr'>et</span> <span class='ocrx_word' id='word_1_36' title='bbox 1068 1018 1209 1085; x_wconf 83' lang='lat' dir='ltr'>maxime</span> <span class='ocrx_word' id='word_1_37' title='bbox 1226 1018 1258 1085; x_wconf 91' lang='lat' dir='ltr'>in</span> <span class='ocrx_word' id='word_1_38' title='bbox 1280 1015 1380 1086; x_wconf 83' lang='lat' dir='ltr'>Gettc</span> <span class='ocrx_word' id='word_1_39' title='bbox 1404 1019 1461 1088; x_wconf 88' lang='lat' dir='ltr'>de-</span> 
     </span>
     <span class='ocr_line' id='line_1_6' title="bbox 379 1132 1461 1224; baseline -0.004 -18"><span class='ocrx_word' id='word_1_40' title='bbox 379 1136 485 1206; x_wconf 80' lang='lat' dir='ltr'>fendit</span> <span class='ocrx_word' id='word_1_41' title='bbox 504 1157 541 1206; x_wconf 88' lang='lat' dir='ltr'>ac</span> <span class='ocrx_word' id='word_1_42' title='bbox 557 1144 679 1206; x_wconf 91' lang='lat' dir='ltr'>tuetur.</span> <span class='ocrx_word' id='word_1_43' title='bbox 696 1134 824 1204; x_wconf 85' lang='lat' dir='ltr'>Deinde</span> <span class='ocrx_word' id='word_1_44' title='bbox 839 1153 1004 1224; x_wconf 82' lang='lat' dir='ltr'>pauperes</span> <span class='ocrx_word' id='word_1_45' title='bbox 1020 1142 1153 1202; x_wconf 89' lang='lat' dir='ltr'>accusat</span> <span class='ocrx_word' id='word_1_46' title='bbox 1169 1132 1257 1224; x_wconf 89' lang='lat' dir='ltr'>qued</span> <span class='ocrx_word' id='word_1_47' title='bbox 1276 1134 1343 1224; x_wconf 91' lang='lat' dir='ltr'>ipsi</span> <span class='ocrx_word' id='word_1_48' title='bbox 1366 1136 1461 1204; x_wconf 89' lang='lat' dir='ltr'>lecu-</span> 
     </span>
     <span class='ocr_line' id='line_1_7' title="bbox 377 1250 1456 1342; baseline 0 -22"><span class='ocrx_word' id='word_1_49' title='bbox 377 1253 504 1342; x_wconf 77' lang='lat' dir='ltr'>pletum</span> <span class='ocrx_word' id='word_1_50' title='bbox 514 1252 650 1321; x_wconf 82' lang='lat' dir='ltr'>luxuriae</span> <span class='ocrx_word' id='word_1_51' title='bbox 663 1259 695 1320; x_wconf 92' lang='lat' dir='ltr'>et</span> <span class='ocrx_word' id='word_1_52' title='bbox 706 1250 871 1340; x_wconf 77' lang='lat' dir='ltr'>superbiae</span> <span class='ocrx_word' id='word_1_53' title='bbox 883 1270 1017 1320; x_wconf 90' lang='lat' dir='ltr'>causam</span> <span class='ocrx_word' id='word_1_54' title='bbox 1028 1250 1266 1340; x_wconf 90' lang='lat' dir='ltr'>materiamque</span> <span class='ocrx_word' id='word_1_55' title='bbox 1277 1250 1456 1340; x_wconf 75' lang='lat' dir='ltr'>prebeant,</span> 
     </span>
     <span class='ocr_line' id='line_1_8' title="bbox 379 1364 1459 1460; baseline -0.005 -22"><span class='ocrx_word' id='word_1_56' title='bbox 379 1369 524 1460; x_wconf 89' lang='lat' dir='ltr'>deniqne</span> <span class='ocrx_word' id='word_1_57' title='bbox 544 1370 588 1455; x_wconf 75' lang='lat' dir='ltr'>tet</span> <span class='ocrx_word' id='word_1_58' title='bbox 602 1368 683 1437; x_wconf 85' lang='lat' dir='ltr'>iliud</span> <span class='ocrx_word' id='word_1_59' title='bbox 702 1368 841 1438; x_wconf 84' lang='lat' dir='ltr'>tortasse</span> <span class='ocrx_word' id='word_1_60' title='bbox 863 1366 1093 1458; x_wconf 83' lang='lat' dir='ltr'>gravissimum</span> <span class='ocrx_word' id='word_1_61' title='bbox 1112 1365 1299 1452; x_wconf 83' lang='lat' dir='ltr'>discrimen)</span> <span class='ocrx_word' id='word_1_62' title='bbox 1322 1364 1459 1435; x_wconf 90' lang='lat' dir='ltr'>humani</span> 
     </span>
     <span class='ocr_line' id='line_1_9' title="bbox 376 1481 1474 1574; baseline -0.003 -21"><span class='ocrx_word' id='word_1_63' title='bbox 376 1484 506 1573; x_wconf 82' lang='lat' dir='ltr'>generis</span> <span class='ocrx_word' id='word_1_64' title='bbox 535 1483 621 1552; x_wconf 85' lang='lat' dir='ltr'>maia</span> <span class='ocrx_word' id='word_1_65' title='bbox 649 1492 682 1552; x_wconf 91' lang='lat' dir='ltr'>et</span> <span class='ocrx_word' id='word_1_66' title='bbox 706 1483 919 1553; x_wconf 83' lang='lat' dir='ltr'>incommoda</span> <span class='ocrx_word' id='word_1_67' title='bbox 942 1503 1010 1553; x_wconf 91' lang='lat' dir='ltr'>nnn</span> <span class='ocrx_word' id='word_1_68' title='bbox 1037 1481 1194 1553; x_wconf 87' lang='lat' dir='ltr'>flebiliter</span> <span class='ocrx_word' id='word_1_69' title='bbox 1219 1482 1398 1551; x_wconf 88' lang='lat' dir='ltr'>miseratur</span> <span class='ocrx_word' id='word_1_70' title='bbox 1422 1490 1474 1574; x_wconf 21' lang='lat' dir='ltr'>nt-</span> 
     </span>
     <span class='ocr_line' id='line_1_10' title="bbox 379 1598 1461 1687; baseline 0.001 -19"><span class='ocrx_word' id='word_1_71' title='bbox 379 1598 508 1681; x_wconf 90' lang='lat' dir='ltr'>ccmici,</span> <span class='ocrx_word' id='word_1_72' title='bbox 527 1599 587 1667; x_wconf 89' lang='lat' dir='ltr'>sed</span> <span class='ocrx_word' id='word_1_73' title='bbox 603 1599 678 1667; x_wconf 91' lang='lat' dir='ltr'>laete</span> <span class='ocrx_word' id='word_1_74' title='bbox 694 1598 819 1669; x_wconf 90' lang='lat' dir='ltr'>irridet.</span> <span class='ocrx_word' id='word_1_75' title='bbox 842 1600 938 1682; x_wconf 83' lang='lat' dir='ltr'>Quod</span> <span class='ocrx_word' id='word_1_76' title='bbox 955 1599 1089 1680; x_wconf 90' lang='lat' dir='ltr'>divites,</span> <span class='ocrx_word' id='word_1_77' title='bbox 1108 1607 1274 1687; x_wconf 90' lang='lat' dir='ltr'>tyrannos,</span> <span class='ocrx_word' id='word_1_78' title='bbox 1297 1598 1461 1669; x_wconf 77' lang='lat' dir='ltr'>formosos</span> 
     </span>
     <span class='ocr_line' id='line_1_11' title="bbox 379 1713 1460 1807; baseline -0.002 -23"><span class='ocrx_word' id='word_1_79' title='bbox 379 1716 523 1786; x_wconf 84' lang='lat' dir='ltr'>ludibria</span> <span class='ocrx_word' id='word_1_80' title='bbox 542 1716 643 1786; x_wconf 88' lang='lat' dir='ltr'>habet</span> <span class='ocrx_word' id='word_1_81' title='bbox 664 1717 721 1807; x_wconf 92' lang='lat' dir='ltr'>qui</span> <span class='ocrx_word' id='word_1_82' title='bbox 741 1717 875 1787; x_wconf 89' lang='lat' dir='ltr'>credant</span> <span class='ocrx_word' id='word_1_83' title='bbox 900 1715 1046 1797; x_wconf 87' lang='lat' dir='ltr'>divitias,</span> <span class='ocrx_word' id='word_1_84' title='bbox 1067 1723 1250 1804; x_wconf 76' lang='lat' dir='ltr'>sceptrum,</span> <span class='ocrx_word' id='word_1_85' title='bbox 1279 1713 1460 1804; x_wconf 83' lang='lat' dir='ltr'>pulchritu-</span> 
     </span>
     <span class='ocr_line' id='line_1_12' title="bbox 380 1812 1458 1922; baseline 0 -23"><span class='ocrx_word' id='word_1_86' title='bbox 380 1812 494 1907; x_wconf 89' lang='lat' dir='ltr'>dinem</span> <span class='ocrx_word' id='word_1_87' title='bbox 507 1852 621 1902; x_wconf 88' lang='lat' dir='ltr'>secum</span> <span class='ocrx_word' id='word_1_88' title='bbox 636 1832 805 1903; x_wconf 81' lang='lat' dir='ltr'>ablaturos</span> <span class='ocrx_word' id='word_1_89' title='bbox 819 1851 895 1920; x_wconf 85' lang='lat' dir='ltr'>esse</span> <span class='ocrx_word' id='word_1_90' title='bbox 910 1851 1019 1922; x_wconf 92' lang='lat' dir='ltr'>neque</span> <span class='ocrx_word' id='word_1_91' title='bbox 1033 1830 1146 1915; x_wconf 89' lang='lat' dir='ltr'>mirer,</span> <span class='ocrx_word' id='word_1_92' title='bbox 1161 1850 1272 1921; x_wconf 90' lang='lat' dir='ltr'>neque</span> <span class='ocrx_word' id='word_1_93' title='bbox 1283 1830 1437 1919; x_wconf 84' lang='lat' dir='ltr'>indigner</span> <span class='ocrx_word' id='word_1_94' title='bbox 1452 1854 1458 1899; x_wconf 92' lang='lat'>:</span> 
     </span>
     <span class='ocr_line' id='line_1_13' title="bbox 380 1945 1460 2036; baseline 0.002 -21"><span class='ocrx_word' id='word_1_95' title='bbox 380 1955 484 2016; x_wconf 87' lang='lat' dir='ltr'>artem</span> <span class='ocrx_word' id='word_1_96' title='bbox 499 1966 606 2028; x_wconf 91' lang='lat' dir='ltr'>suam,</span> <span class='ocrx_word' id='word_1_97' title='bbox 624 1957 661 2017; x_wconf 88' lang='lat' dir='ltr'>ut</span> <span class='ocrx_word' id='word_1_98' title='bbox 677 1946 722 2017; x_wconf 88' lang='lat' dir='ltr'>ita</span> <span class='ocrx_word' id='word_1_99' title='bbox 737 1946 855 2033; x_wconf 86' lang='lat' dir='ltr'>dicam,</span> <span class='ocrx_word' id='word_1_100' title='bbox 879 1955 1023 2026; x_wconf 85' lang='lat' dir='ltr'>exercet;</span> <span class='ocrx_word' id='word_1_101' title='bbox 1041 1945 1136 2036; x_wconf 63' lang='lat' dir='ltr'>qued,</span> <span class='ocrx_word' id='word_1_102' title='bbox 1150 1966 1246 2035; x_wconf 83' lang='lat' dir='ltr'>reges</span> <span class='ocrx_word' id='word_1_103' title='bbox 1261 1953 1294 2015; x_wconf 92' lang='lat' dir='ltr'>et</span> <span class='ocrx_word' id='word_1_104' title='bbox 1312 1946 1460 2017; x_wconf 87' lang='lat' dir='ltr'>civitates</span> 
     </span>
     <span class='ocr_line' id='line_1_14' title="bbox 380 2059 1462 2152; baseline 0.002 -22"><span class='ocrx_word' id='word_1_105' title='bbox 380 2061 493 2131; x_wconf 86' lang='lat' dir='ltr'>irridet</span> <span class='ocrx_word' id='word_1_106' title='bbox 507 2082 581 2152; x_wconf 84' lang='lat' dir='ltr'>qnae</span> <span class='ocrx_word' id='word_1_107' title='bbox 592 2062 680 2130; x_wconf 88' lang='lat' dir='ltr'>bella</span> <span class='ocrx_word' id='word_1_108' title='bbox 693 2070 807 2149; x_wconf 82' lang='lat' dir='ltr'>gerant</span> <span class='ocrx_word' id='word_1_109' title='bbox 820 2059 992 2151; x_wconf 90' lang='lat' dir='ltr'>multaque</span> <span class='ocrx_word' id='word_1_110' title='bbox 1005 2061 1178 2130; x_wconf 85' lang='lat' dir='ltr'>huminum</span> <span class='ocrx_word' id='word_1_111' title='bbox 1194 2060 1296 2129; x_wconf 78' lang='lat' dir='ltr'>millia</span> <span class='ocrx_word' id='word_1_112' title='bbox 1309 2061 1462 2132; x_wconf 85' lang='lat' dir='ltr'>occidant</span> 
     </span>
     <span class='ocr_line' id='line_1_15' title="bbox 380 2156 1462 2267; baseline 0 -22"><span class='ocrx_word' id='word_1_113' title='bbox 380 2197 439 2267; x_wconf 94' lang='lat' dir='ltr'>prn</span> <span class='ocrx_word' id='word_1_114' title='bbox 463 2156 685 2266; x_wconf 81' lang='lat' dir='ltr'>exiguissimis</span> <span class='ocrx_word' id='word_1_115' title='bbox 698 2177 1018 2266; x_wconf 79' lang='lat' dir='ltr'>-angustissimisque</span> <span class='ocrx_word' id='word_1_116' title='bbox 1041 2185 1136 2245; x_wconf 89' lang='lat' dir='ltr'>terrae</span> <span class='ocrx_word' id='word_1_117' title='bbox 1156 2175 1289 2265; x_wconf 90' lang='lat' dir='ltr'>punctis</span> <span class='ocrx_word' id='word_1_118' title='bbox 1312 2160 1385 2265; x_wconf 85' lang='lat' dir='ltr'>quae</span> <span class='ocrx_word' id='word_1_119' title='bbox 1410 2177 1462 2245; x_wconf 83' lang='lat' dir='ltr'>vix</span> 
     </span>
     <span class='ocr_line' id='line_1_16' title="bbox 380 2271 1459 2382; baseline 0.001 -24"><span class='ocrx_word' id='word_1_120' title='bbox 380 2292 551 2382; x_wconf 82' lang='lat' dir='ltr'>Epicureis</span> <span class='ocrx_word' id='word_1_121' title='bbox 564 2294 685 2362; x_wconf 84' lang='lat' dir='ltr'>atomis</span> <span class='ocrx_word' id='word_1_122' title='bbox 698 2292 880 2381; x_wconf 86' lang='lat' dir='ltr'>comparari</span> <span class='ocrx_word' id='word_1_123' title='bbox 890 2300 1014 2381; x_wconf 83' lang='lat' dir='ltr'>queant</span> <span class='ocrx_word' id='word_1_124' title='bbox 1027 2311 1095 2380; x_wconf 89' lang='lat' dir='ltr'>prae</span> <span class='ocrx_word' id='word_1_125' title='bbox 1108 2290 1323 2359; x_wconf 77' lang='lat' dir='ltr'>universitate</span> <span class='ocrx_word' id='word_1_126' title='bbox 1339 2271 1459 2371; x_wconf 87' lang='lat' dir='ltr'>rerum,</span> 
     </span>
     <span class='ocr_line' id='line_1_17' title="bbox 381 2406 1460 2497; baseline 0.003 -24"><span class='ocrx_word' id='word_1_127' title='bbox 381 2409 415 2474; x_wconf 93' lang='lat' dir='ltr'>in</span> <span class='ocrx_word' id='word_1_128' title='bbox 437 2406 499 2477; x_wconf 89' lang='lat' dir='ltr'>bec</span> <span class='ocrx_word' id='word_1_129' title='bbox 518 2427 653 2497; x_wconf 90' lang='lat' dir='ltr'>queque</span> <span class='ocrx_word' id='word_1_130' title='bbox 672 2427 740 2476; x_wconf 92' lang='lat' dir='ltr'>nnn</span> <span class='ocrx_word' id='word_1_131' title='bbox 761 2407 854 2476; x_wconf 84' lang='lat' dir='ltr'>iilum</span> <span class='ocrx_word' id='word_1_132' title='bbox 876 2406 1096 2495; x_wconf 87' lang='lat' dir='ltr'>reprehende.</span> <span class='ocrx_word' id='word_1_133' title='bbox 1118 2407 1244 2476; x_wconf 83' lang='lat' dir='ltr'>Vellem</span> <span class='ocrx_word' id='word_1_134' title='bbox 1264 2415 1374 2476; x_wconf 71' lang='lat' dir='ltr'>emen</span> <span class='ocrx_word' id='word_1_135' title='bbox 1396 2427 1460 2477; x_wconf 91' lang='lat' dir='ltr'>nnn</span> 
     </span>
     <span class='ocr_line' id='line_1_18' title="bbox 381 2520 1463 2610; baseline 0.002 -20"><span class='ocrx_word' id='word_1_136' title='bbox 381 2540 514 2610; x_wconf 85' lang='lat' dir='ltr'>semper</span> <span class='ocrx_word' id='word_1_137' title='bbox 532 2520 707 2590; x_wconf 89' lang='lat' dir='ltr'>huminum</span> <span class='ocrx_word' id='word_1_138' title='bbox 721 2520 808 2590; x_wconf 86' lang='lat' dir='ltr'>mala</span> <span class='ocrx_word' id='word_1_139' title='bbox 827 2520 921 2590; x_wconf 85' lang='lat' dir='ltr'>illum</span> <span class='ocrx_word' id='word_1_140' title='bbox 939 2520 1064 2603; x_wconf 84' lang='lat' dir='ltr'>ridere,</span> <span class='ocrx_word' id='word_1_141' title='bbox 1084 2520 1142 2589; x_wconf 86' lang='lat' dir='ltr'>sed</span> <span class='ocrx_word' id='word_1_142' title='bbox 1164 2521 1463 2610; x_wconf 85' lang='lat' dir='ltr'>aliqnandnmise-</span> 
     </span>
     <span class='ocr_line' id='line_1_19' title="bbox 382 2635 1460 2729; baseline 0.002 -24"><span class='ocrx_word' id='word_1_143' title='bbox 382 2639 443 2707; x_wconf 87' lang='lat' dir='ltr'>rari</span> <span class='ocrx_word' id='word_1_144' title='bbox 461 2638 579 2728; x_wconf 85' lang='lat' dir='ltr'>:qued</span> <span class='ocrx_word' id='word_1_145' title='bbox 600 2637 736 2729; x_wconf 93' lang='lat' dir='ltr'>quidem</span> <span class='ocrx_word' id='word_1_146' title='bbox 751 2645 808 2706; x_wconf 87' lang='lat' dir='ltr'>aut</span> <span class='ocrx_word' id='word_1_147' title='bbox 824 2656 1007 2726; x_wconf 90' lang='lat' dir='ltr'>nunquam,</span> <span class='ocrx_word' id='word_1_148' title='bbox 1025 2645 1082 2705; x_wconf 88' lang='lat' dir='ltr'>aut</span> <span class='ocrx_word' id='word_1_149' title='bbox 1099 2635 1167 2707; x_wconf 85' lang='lat' dir='ltr'>sere</span> <span class='ocrx_word' id='word_1_150' title='bbox 1186 2658 1354 2727; x_wconf 88' lang='lat' dir='ltr'>nunquam</span> <span class='ocrx_word' id='word_1_151' title='bbox 1372 2638 1460 2709; x_wconf 91' lang='lat' dir='ltr'>facit.</span> 
     </span>
     <span class='ocr_line' id='line_1_20' title="bbox 380 2735 1462 2845; baseline 0.002 -22"><span class='ocrx_word' id='word_1_152' title='bbox 380 2754 479 2824; x_wconf 85' lang='lat' dir='ltr'>Rid&#39;et</span> <span class='ocrx_word' id='word_1_153' title='bbox 497 2754 586 2845; x_wconf 89' lang='lat' dir='ltr'>qued</span> <span class='ocrx_word' id='word_1_154' title='bbox 606 2755 681 2844; x_wconf 91' lang='lat' dir='ltr'>quis</span> <span class='ocrx_word' id='word_1_155' title='bbox 697 2752 865 2844; x_wconf 89' lang='lat' dir='ltr'>pellicitus</span> <span class='ocrx_word' id='word_1_156' title='bbox 880 2773 952 2823; x_wconf 88' lang='lat' dir='ltr'>cras</span> <span class='ocrx_word' id='word_1_157' title='bbox 966 2773 1002 2822; x_wconf 91' lang='lat' dir='ltr'>se</span> <span class='ocrx_word' id='word_1_158' title='bbox 1021 2735 1168 2823; x_wconf 82' lang='lat' dir='ltr'>convivio</span> <span class='ocrx_word' id='word_1_159' title='bbox 1184 2753 1363 2823; x_wconf 83' lang='lat' dir='ltr'>affuturum</span> <span class='ocrx_word' id='word_1_160' title='bbox 1375 2775 1462 2835; x_wconf 88' lang='lat' dir='ltr'>esse,</span> 
     </span>
     <span class='ocr_line' id='line_1_21' title="bbox 382 2866 1526 2958; baseline 0.001 -21"><span class='ocrx_word' id='word_1_161' title='bbox 382 2870 492 2938; x_wconf 90' lang='lat' dir='ltr'>statim</span> <span class='ocrx_word' id='word_1_162' title='bbox 515 2870 627 2958; x_wconf 81' lang='lat' dir='ltr'>tegula</span> <span class='ocrx_word' id='word_1_163' title='bbox 642 2868 781 2938; x_wconf 85' lang='lat' dir='ltr'>cadente</span> <span class='ocrx_word' id='word_1_164' title='bbox 799 2867 1014 2937; x_wconf 87' lang='lat' dir='ltr'>interficiatur</span> <span class='ocrx_word' id='word_1_165' title='bbox 1041 2866 1095 2955; x_wconf 77' lang='lat' dir='ltr'>tt),</span> <span class='ocrx_word' id='word_1_166' title='bbox 1114 2867 1200 2937; x_wconf 88' lang='lat' dir='ltr'>ridet</span> <span class='ocrx_word' id='word_1_167' title='bbox 1222 2867 1311 2957; x_wconf 88' lang='lat' dir='ltr'>qued</span> <span class='ocrx_word' id='word_1_168' title='bbox 1330 2872 1463 2951; x_wconf 83' lang='lat' dir='ltr'>Croesns</span> <span class='ocrx_word' id='word_1_169' title='bbox 1519 2889 1526 2902; x_wconf 91' lang='lat'><strong>·</strong></span> 
     </span>
    </p>
   </div>
   <div class='ocr_carea' id='block_1_2' title="bbox 280 2982 1463 3074">
    <p class='ocr_par' dir='ltr' id='par_1_3' title="bbox 280 2982 1463 3074">
     <span class='ocr_line' id='line_1_22' title="bbox 280 2982 1463 3074; baseline 0 -22"><span class='ocrx_word' id='word_1_170' title='bbox 280 3015 286 3027; x_wconf 94' lang='lat'><strong>·</strong></span> <span class='ocrx_word' id='word_1_171' title='bbox 313 3017 319 3025; x_wconf 92' lang='lat'>·-</span> <span class='ocrx_word' id='word_1_172' title='bbox 382 2993 448 3053; x_wconf 90' lang='lat' dir='ltr'>tam</span> <span class='ocrx_word' id='word_1_173' title='bbox 466 2984 610 3074; x_wconf 90' lang='lat' dir='ltr'>superbe</span> <span class='ocrx_word' id='word_1_174' title='bbox 627 3004 703 3053; x_wconf 92' lang='lat' dir='ltr'>cum</span> <span class='ocrx_word' id='word_1_175' title='bbox 719 2984 842 3052; x_wconf 81' lang='lat' dir='ltr'>Selene</span> <span class='ocrx_word' id='word_1_176' title='bbox 864 2982 1057 3070; x_wconf 80' lang='lat' dir='ltr'>colloquens</span> <span class='ocrx_word' id='word_1_177' title='bbox 1080 3000 1157 3050; x_wconf 87' lang='lat' dir='ltr'>mcx</span> <span class='ocrx_word' id='word_1_178' title='bbox 1178 2986 1259 3070; x_wconf 84' lang='lat' dir='ltr'>Cyre</span> <span class='ocrx_word' id='word_1_179' title='bbox 1280 2984 1463 3052; x_wconf 91' lang='lat' dir='ltr'>serviturus</span> 
     </span>
    </p>
   </div>
   <div class='ocr_carea' id='block_1_3' title="bbox 382 3095 1512 3876">
    <p class='ocr_par' dir='ltr' id='par_1_4' title="bbox 382 3095 1512 3876">
     <span class='ocr_line' id='line_1_23' title="bbox 382 3095 1463 3191; baseline -0.001 -22"><span class='ocrx_word' id='word_1_180' title='bbox 382 3100 426 3169; x_wconf 88' lang='lat' dir='ltr'>sit</span> <span class='ocrx_word' id='word_1_181' title='bbox 443 3100 500 3189; x_wconf 53' lang='grc' dir='ltr'>(ἲ),</span> <span class='ocrx_word' id='word_1_182' title='bbox 521 3101 610 3191; x_wconf 90' lang='lat' dir='ltr'>qued</span> <span class='ocrx_word' id='word_1_183' title='bbox 628 3099 700 3188; x_wconf 82' lang='lat' dir='ltr'>Cyri</span> <span class='ocrx_word' id='word_1_184' title='bbox 718 3098 824 3188; x_wconf 91' lang='lat' dir='ltr'>ipsius</span> <span class='ocrx_word' id='word_1_185' title='bbox 843 3104 942 3185; x_wconf 89' lang='lat' dir='ltr'>caput</span> <span class='ocrx_word' id='word_1_186' title='bbox 961 3095 1129 3165; x_wconf 89' lang='lat' dir='ltr'>abcissum</span> <span class='ocrx_word' id='word_1_187' title='bbox 1149 3098 1183 3165; x_wconf 95' lang='lat' dir='ltr'>in</span> <span class='ocrx_word' id='word_1_188' title='bbox 1200 3105 1274 3166; x_wconf 91' lang='lat' dir='ltr'>utre</span> <span class='ocrx_word' id='word_1_189' title='bbox 1292 3098 1463 3187; x_wconf 82' lang='lat' dir='ltr'>sanguinis</span> 
     </span>
     <span class='ocr_line' id='line_1_24' title="bbox 383 3206 1512 3301; baseline -0.003 -22"><span class='ocrx_word' id='word_1_190' title='bbox 383 3212 482 3301; x_wconf 90' lang='lat' dir='ltr'>pleno</span> <span class='ocrx_word' id='word_1_191' title='bbox 504 3212 717 3300; x_wconf 83' lang='lat' dir='ltr'>immergatur</span> <span class='ocrx_word' id='word_1_192' title='bbox 739 3206 802 3296; x_wconf 87' lang='lat'>(3),</span> <span class='ocrx_word' id='word_1_193' title='bbox 821 3206 909 3275; x_wconf 88' lang='lat' dir='ltr'>ridet</span> <span class='ocrx_word' id='word_1_194' title='bbox 929 3206 1018 3295; x_wconf 91' lang='lat' dir='ltr'>qued</span> <span class='ocrx_word' id='word_1_195' title='bbox 1040 3206 1194 3277; x_wconf 91' lang='lat' dir='ltr'>hemines</span> <span class='ocrx_word' id='word_1_196' title='bbox 1215 3207 1469 3295; x_wconf 86' lang='lat' dir='ltr'>adniterentur,</span> <span class='ocrx_word' id='word_1_197' title='bbox 1510 3262 1512 3266; x_wconf 55' lang='grc'>,</span> 
     </span>
     <span class='ocr_line' id='line_1_25' title="bbox 384 3310 1475 3419; baseline -0.002 -24"><span class='ocrx_word' id='word_1_198' title='bbox 384 3328 559 3408; x_wconf 89' lang='lat' dir='ltr'>trucident,</span> <span class='ocrx_word' id='word_1_199' title='bbox 579 3324 788 3402; x_wconf 88' lang='lat' dir='ltr'>insidientur,</span> <span class='ocrx_word' id='word_1_200' title='bbox 813 3320 952 3409; x_wconf 88' lang='lat' dir='ltr'>rapiant,</span> <span class='ocrx_word' id='word_1_201' title='bbox 970 3322 1130 3411; x_wconf 86' lang='lat' dir='ltr'>pejerent,</span> <span class='ocrx_word' id='word_1_202' title='bbox 1159 3310 1249 3414; x_wconf 85' lang='lat' dir='ltr'>qued</span> <span class='ocrx_word' id='word_1_203' title='bbox 1275 3324 1373 3393; x_wconf 84' lang='lat' dir='ltr'>irater</span> <span class='ocrx_word' id='word_1_204' title='bbox 1396 3324 1475 3419; x_wconf 29' lang='lat' dir='ltr'>fra-¹</span> 
     </span>
     <span class='ocr_line' id='line_1_26' title="bbox 384 3432 1463 3530; baseline 0.001 -22"><span class='ocrx_word' id='word_1_205' title='bbox 384 3448 478 3523; x_wconf 88' lang='lat' dir='ltr'>trem,</span> <span class='ocrx_word' id='word_1_206' title='bbox 494 3440 581 3510; x_wconf 86' lang='lat' dir='ltr'>fitius</span> <span class='ocrx_word' id='word_1_207' title='bbox 594 3446 734 3529; x_wconf 89' lang='lat' dir='ltr'>patrem,</span> <span class='ocrx_word' id='word_1_208' title='bbox 753 3432 1040 3530; x_wconf 83' lang='lat' dir='ltr'>amiensamieum</span> <span class='ocrx_word' id='word_1_209' title='bbox 1060 3436 1239 3526; x_wconf 75' lang='lat' dir='ltr'>precatui</span> <span class='ocrx_word' id='word_1_210' title='bbox 1259 3446 1463 3509; x_wconf 79' lang='lat' dir='ltr'>autumem</span> 
     </span>
     <span class='ocr_line' id='line_1_27' title="bbox 384 3551 1469 3644; baseline -0.004 -19"><span class='ocrx_word' id='word_1_211' title='bbox 384 3564 500 3625; x_wconf 88' lang='lat' dir='ltr'>enecet</span> <span class='ocrx_word' id='word_1_212' title='bbox 516 3553 572 3644; x_wconf 81' lang='lat' dir='ltr'>(t).</span> <span class='ocrx_word' id='word_1_213' title='bbox 589 3559 804 3638; x_wconf 86' lang='lat' dir='ltr'>Irasceretur,</span> <span class='ocrx_word' id='word_1_214' title='bbox 827 3555 939 3634; x_wconf 90' lang='lat' dir='ltr'>erede,</span> <span class='ocrx_word' id='word_1_215' title='bbox 966 3561 1090 3623; x_wconf 90' lang='lat' dir='ltr'>naturae</span> <span class='ocrx_word' id='word_1_216' title='bbox 1108 3571 1235 3634; x_wconf 91' lang='lat' dir='ltr'>rernm,</span> <span class='ocrx_word' id='word_1_217' title='bbox 1256 3552 1285 3621; x_wconf 93' lang='lat' dir='ltr'>si</span> <span class='ocrx_word' id='word_1_218' title='bbox 1310 3551 1469 3622; x_wconf 86' lang='lat' dir='ltr'>hemines·</span> 
     </span>
     <span class='ocr_line' id='line_1_28' title="bbox 384 3661 1463 3760; baseline -0.003 -21"><span class='ocrx_word' id='word_1_219' title='bbox 384 3672 538 3740; x_wconf 88' lang='lat' dir='ltr'>meliores</span> <span class='ocrx_word' id='word_1_220' title='bbox 570 3671 856 3760; x_wconf 85' lang='lat' dir='ltr'>sapientioresque</span> <span class='ocrx_word' id='word_1_221' title='bbox 889 3661 1058 3738; x_wconf 83' lang='lat' dir='ltr'>fecisset:</span> <span class='ocrx_word' id='word_1_222' title='bbox 1093 3674 1218 3737; x_wconf 89' lang='lat' dir='ltr'>careret</span> <span class='ocrx_word' id='word_1_223' title='bbox 1252 3666 1339 3735; x_wconf 91' lang='lat' dir='ltr'>enim</span> <span class='ocrx_word' id='word_1_224' title='bbox 1372 3667 1463 3737; x_wconf 86' lang='lat' dir='ltr'>varie</span> 
     </span>
     <span class='ocr_line' id='line_1_29' title="bbox 383 3780 1462 3876; baseline -0.006 -22"><span class='ocrx_word' id='word_1_225' title='bbox 383 3786 625 3876; x_wconf 86' lang='lat' dir='ltr'>multiplicique</span> <span class='ocrx_word' id='word_1_226' title='bbox 644 3785 835 3875; x_wconf 88' lang='lat' dir='ltr'>spectaculo</span> <span class='ocrx_word' id='word_1_227' title='bbox 860 3802 878 3853; x_wconf 91' lang='lat' dir='ltr'>e</span> <span class='ocrx_word' id='word_1_228' title='bbox 899 3803 965 3873; x_wconf 89' lang='lat' dir='ltr'>qun</span> <span class='ocrx_word' id='word_1_229' title='bbox 986 3790 1110 3851; x_wconf 89' lang='lat' dir='ltr'>tantam</span> <span class='ocrx_word' id='word_1_230' title='bbox 1140 3800 1230 3849; x_wconf 89' lang='lat' dir='ltr'>nunc</span> <span class='ocrx_word' id='word_1_231' title='bbox 1256 3780 1462 3869; x_wconf 87' lang='lat' dir='ltr'>voluptatem</span> 
     </span>
    </p>
   </div>
   <div class='ocr_carea' id='block_1_4' title="bbox 392 3980 629 4314">
    <p class='ocr_par' dir='ltr' id='par_1_5' title="bbox 392 3980 629 4314">
     <span class='ocr_line' id='line_1_30' title="bbox 417 3980 573 4040; baseline -0.013 -11"><span class='ocrx_word' id='word_1_232' title='bbox 417 3983 448 4040; x_wconf 85' lang='grc'>(1)</span> <span class='ocrx_word' id='word_1_233' title='bbox 464 3980 573 4030; x_wconf 85' lang='lat' dir='ltr'>Charon.</span> 
     </span>
     <span class='ocr_line' id='line_1_31' title="bbox 418 4070 575 4136; baseline -0.006 -16"><span class='ocrx_word' id='word_1_234' title='bbox 418 4070 451 4136; x_wconf 70' lang='lat' dir='ltr'>(t)</span> <span class='ocrx_word' id='word_1_235' title='bbox 467 4072 575 4121; x_wconf 84' lang='lat' dir='ltr'>Charon.</span> 
     </span>
     <span class='ocr_line' id='line_1_32' title="bbox 417 4160 572 4226; baseline 0 -16"><span class='ocrx_word' id='word_1_236' title='bbox 417 4160 451 4226; x_wconf 85' lang='grc'>(3)</span> <span class='ocrx_word' id='word_1_237' title='bbox 465 4162 572 4211; x_wconf 86' lang='lat' dir='ltr'>Charon.</span> 
     </span>
     <span class='ocr_line' id='line_1_33' title="bbox 392 4251 629 4314; baseline -0.008 -13"><span class='ocrx_word' id='word_1_238' title='bbox 392 4270 396 4279; x_wconf 89' lang='lat'>.</span> <span class='ocrx_word' id='word_1_239' title='bbox 418 4255 449 4313; x_wconf 83' lang='lat' dir='ltr'>(t)</span> <span class='ocrx_word' id='word_1_240' title='bbox 464 4251 629 4314; x_wconf 83' lang='lat' dir='ltr'>Icaremenip.</span> 
     </span>
    </p>
   </div>
   <div class='ocr_carea' id='block_1_5' title="bbox 0 0 1728 5167">
    <p class='ocr_par' dir='ltr' id='par_1_6' title="bbox 0 0 1728 5167">
     <span class='ocr_line' id='line_1_34' title="bbox 0 0 1728 5167; baseline 0 0"><span class='ocrx_word' id='word_1_241' title='bbox 0 0 1728 5167; x_wconf 95' lang='lat' dir='ltr'> </span> 
     </span>
    </p>
   </div>
  </div>
 </body>
</html>
