3425 5167
773 572 937 634 235-

313 697 645 789 priorem-scrihendl
664 718 790 768 morem
813 700 925 768 nescio
950 719 1017 790 quo
1041 698 1141 768 modo
1170 701 1398 789 imprudenter

314 815 520 884 delahamur.
538 814 632 896 Quod
649 815 784 905 quidem
802 815 909 905 ipsius
921 808 1055 885 Lucieni
1076 816 1226 904 exemplo
1244 835 1398 906 compro-

311 925 428 996 batum
448 936 499 997 cst
517 952 524 995 :
544 928 668 997 etenim
695 947 800 1018 quum
821 927 977 996 Pantheoe
999 927 1137 997 sormam
1160 936 1194 996 et
1212 948 1322 997 mores
1343 949 1398 998 oo-

313 1049 412 1109 natus
441 1049 493 1111 est
521 1041 676 1124 laudere,
713 1042 758 1110 ita
784 1061 918 1112 omnem
946 1042 1064 1124 fidem,
1096 1061 1229 1111 omnem
1261 1042 1397 1111 modum

314 1157 469 1237 excessit,
481 1164 519 1225 ut
533 1154 605 1245 ipsa
618 1156 693 1237 sihi,
710 1175 820 1246 neque
832 1156 998 1225 immerito
1014 1156 1162 1246 quidem,
1178 1147 1273 1225 irriso
1288 1156 1397 1245 potius

315 1290 414 1360 quam
433 1269 567 1339 laudato
583 1271 759 1340 rideretur.
776 1270 930 1352 Proinde,
949 1280 986 1340 ut
1003 1272 1095 1352 alias,
1112 1271 1165 1341 hic
1176 1291 1310 1360 quoque
1326 1270 1399 1360 phi-

314 1384 471 1474 losophia
487 1392 521 1454 et
538 1385 701 1455 rhetorica
720 1386 805 1455 inter
827 1399 865 1456 se
879 1386 1081 1456 concordant
1099 1394 1148 1467 et,
1168 1395 1205 1454 ut
1217 1387 1262 1454 ita
1277 1386 1395 1469 dicam,

315 1520 383 1569 una
396 1520 480 1571 voce
496 1502 617 1591 juhent
637 1502 833 1592 scriptorem
848 1502 928 1572 nihil
946 1504 1057 1593 eloqui
1075 1502 1139 1571 nisi
1156 1501 1246 1591 qood
1264 1502 1396 1584 sentiat,

316 1619 442 1688 sentire
459 1618 543 1688 nihil
563 1613 626 1689 nisi
644 1618 734 1709 quod
752 1621 867 1688 verum
882 1618 934 1686 sit.

733 1995 898 2147 'curor
926 2060 974 2144 n.

271 2349 273 2354 Ι
351 2295 355 2300 -
390 2263 510 2332 Quam
530 2275 608 2320 suoe
630 2262 755 2321 aetatis
775 2276 922 2322 morum
941 2263 1132 2333 imaginem
1153 2262 1334 2322 Lucienus

742 2368 978 2439 expresserit.

365 2768 575 2837 comicorum
592 2768 688 2836 lectio
703 2767 742 2835 iis
760 2766 940 2836 utilissima
961 2774 1010 2835 est
1029 2768 1085 2857 qui
1110 2769 1271 2858 cujusque
1297 2771 1402 2836 aetetis

323 2901 439 2951 mores
451 2882 640 2971 perspicere
654 2882 803 2971 cupiunt,
819 2891 851 2950 et
867 2899 955 2970 seepe
968 2883 1089 2951 melius
1105 2904 1204 2973 quam
1220 2884 1283 2974 ipsi
1294 2883 1403 2953 histo·
1512 2909 1515 2915 ·

322 2995 383 3065 rici
398 2991 462 3063 nos
476 2994 595 3064 edocet
609 2994 729 3084 quihus
747 2997 884 3064 occultis
909 2998 1016 3065 causis
1034 2998 1184 3066 maximoe
1203 3018 1256 3067 res
1276 3000 1403 3076 effectes

324 3092 459 3191 luerint,
481 3130 554 3199 quoe
568 3109 717 3190 virtutes,
738 3128 812 3199 quoe
824 3110 915 3191 vitio,
934 3131 1008 3200 quoe
1024 3111 1133 3181 studia
1148 3113 1308 3202 cujusque
1323 3133 1404 3203 pree·

283 3202 287 3210 ’
324 3222 499 3295 clarissimi
514 3222 574 3291 riri
588 3221 722 3304 luerint,
744 3243 843 3313 quam
862 3224 1003 3313 quisque
1017 3226 1160 3315 populus
1177 3225 1404 3316 quotidianum

325 3345 359 3407 et
377 3335 498 3425 agendi
515 3344 548 3405 et
563 3336 721 3426 loquendi
738 3339 1014 3407 consuetudinem
1029 3340 1192 3411 hahuerit.
1210 3346 1280 3410 Non
1297 3343 1404 3411 solum

272 3465 277 3474 ·
325 3451 582 3552 Thucydidesel
594 3453 778 3542 Xenophon
795 3454 967 3522 sedetiam
983 3455 1216 3546 Aristophanes
1232 3456 1406 3527 adeundus

326 3577 389 3651 cst,
408 3569 438 3637 si
452 3567 635 3658 intelligere
652 3588 709 3638 cur
727 3569 1047 3660 Peloponnesiacum
1071 3571 1197 3640 hellum
1217 3572 1402 3663 inceptum,

326 3700 386 3750 cur
400 3681 633 3771 interruptum,
653 3702 710 3750 cur
724 3690 918 3751 renovatum
943 3682 1059 3767 luerit·
1081 3687 1138 3775 qui
1158 3694 1191 3755 et
1212 3667 1333 3776 quales
1346 3687 1405 3755 viri

326 3798 471 3866 Athenas
491 3817 564 3866 cum
583 3787 819 3868 Lacedaemone
841 3798 1058 3880 contulerint;
1076 3800 1104 3869 si
1127 3800 1304 3872 mulierum
1329 3802 1407 3872 libi·
1512 3839 1519 3851 =

327 3910 435 3994 diues,
453 3912 564 3982 studia
577 3921 609 3982 et
627 3912 734 3995 dolos,
750 3913 777 3980 si
793 3913 1004 3983 Atheniensis
1021 3916 1137 4004 populi
1149 3926 1303 4003 plaeere,
1316 3915 1407 4005 judi-

328 4025 456 4094 ciorum
485 4026 647 4096 rationem
679 4034 711 4095 et
741 4027 804 4096 alia
829 4028 906 4095 talia
934 4047 1134 4118 cognoscere
1162 4029 1318 4097 volueris
1347 4030 1407 4097 Hic

329 4147 439 4208 autem
463 4138 595 4208 brevius
610 4140 710 4208 etiam
736 4160 835 4230 quem
861 4141 940 4209 olias
964 4160 1069 4229 agam,
1097 4149 1130 4208 et
1151 4160 1220 4209 rem
1241 4140 1407 4209 levissime

329 4234 516 4343 attin'gam:
543 4254 704 4342 primum,
737 4254 816 4344 quia
845 4254 874 4322 si
898 4253 1027 4343 singula
1050 4255 1224 4343 diligenter
1251 4255 1407 4344 persequi
