3425 5167
719 715 864 803 CAPUT
887 716 915 819 Ι.

453 900 551 968 Quos
572 895 697 955 comici
717 896 754 954 et
774 894 955 970 Lucienus
975 894 1178 953 declserint.

322 1160 499 1240 Lucienus,
519 1166 556 1226 ut
576 1156 708 1237 comici,
730 1174 846 1225 omnes
862 1153 930 1223 fere
949 1153 1092 1236 deridet;
1118 1154 1251 1237 divites,
1269 1175 1353 1244 pau-

278 1292 393 1363 peres,
422 1271 610 1353 mendicos,
640 1289 753 1360 reges,
777 1269 907 1352 doctoS,
930 1268 1100 1348 indoctos,
1121 1277 1255 1358 poetas,
1276 1272 1354 1341 rhe-

276 1397 380 1471 toras,
400 1387 619 1478 philosophos
636 1395 668 1456 et
689 1385 879 1454 meretrices
904 1406 910 1451 :
933 1383 959 1452 si
981 1383 1044 1451 vivi
1061 1381 1243 1465 deluerint,
1266 1405 1355 1455 mor-

277 1511 368 1582 tuos,
396 1502 424 1570 si
451 1500 618 1579 homineS,
642 1500 741 1568 Divos
765 1498 920 1587 exagitat,
950 1516 1059 1587 neque
1087 1515 1192 1566 unum
1224 1506 1353 1569 tantum
1412 1541 1414 1544 -

276 1618 336 1687 sed
373 1636 509 1695 omnes,
549 1635 705 1705 superos,
740 1615 904 1697 marinos,
943 1613 1081 1695 inleros,
1117 1633 1226 1705 neque
1261 1616 1352 1684 lovis
1450 1644 1454 1651 ·

177 1766 186 1777 ·
274 1734 425 1813 fulmine,
444 1752 552 1823 neque
568 1733 712 1821 Neptuni
729 1730 883 1811 tridente,
902 1750 1010 1819 neque
1027 1730 1175 1811 Plutonis
1195 1730 1364 1800 tribunali-

275 1849 466 1929 deterritus,
498 1854 598 1936 atque
625 1846 669 1913 ita
695 1865 799 1935 saepe,
827 1845 873 1913 ita
890 1846 1022 1935 jocose,
1050 1846 1095 1913 ita
1121 1846 1241 1915 acriter
1261 1848 1359 1919 inse-¹

275 1963 384 2052 quitur
402 1970 440 2030 ut
458 1962 545 2029 inter
564 1960 636 2050 ejus
655 1960 811 2029 ridiculas
829 1978 989 2049 personas
1008 1959 1110 2048 (bona
1125 1961 1220 2028 venia
1239 1960 1351 2048 philo-

274 2076 455 2165 sophorum
488 2074 639 2164 dixerim)
674 2074 767 2143 lacile
800 2073 983 2164 principem
1021 2073 1129 2143 locum
1164 2072 1347 2142 obtineant.
1382 2113 1385 2122 ·

273 2195 413 2280 AEquum
429 2199 481 2261 est
499 2209 576 2279 ergo
593 2189 634 2259 alr
649 2190 689 2259 iis
706 2190 867 2280 incipere,
889 2189 930 2259 de
951 2190 1078 2259 caeteris
1102 2198 1219 2279 postea
1243 2188 1350 2259 disse-

274 2322 396 2372 remus.

772 2396 840 2474 §l

718 2549 768 2599 DE
803 2550 903 2601 DIIS.

315 2701 436 2766 Notum
451 2705 501 2767 est
516 2696 598 2767 illud
617 2698 772 2767 nostratis
793 2698 927 2768 Luciani
949 2722 956 2766 :
980 2720 998 2764 «
1021 2699 1054 2768 Si
1070 2702 1158 2769 Deus
1178 2701 1348 2769 hominem

274 2811 315 2879 ad
348 2832 441 2881 suam
475 2813 654 2903 imaginem
684 2813 794 2893 finxit,
826 2833 888 2883 nos
921 2833 980 2903 par
1009 2814 1096 2903 pari,
1127 2822 1159 2883 et
1193 2814 1349 2904 praeiere

273 2927 423 3017 quidem,
455 2929 645 3012 retulimus;
678 2952 695 2995 »
722 2949 784 3001 nec
812 2929 922 3000 minus
947 2950 1024 3000 vere
1051 2950 1150 3020 quam
1177 2932 1348 3020 ingeniose
1425 3015 1427 3020 Α

273 3042 410 3110 dictum.
436 3043 500 3112 Sed
516 3044 669 3113 homines
690 3053 841 3112 nontam
862 3044 1041 3115 verecundi
1057 3032 1157 3135 quam
1177 3047 1274 3135 grati,
1297 3044 1349 3112 illa

274 3156 447 3225 simulacra
463 3178 536 3246 quae
552 3156 702 3226 fabricati
715 3168 824 3240 erant,
840 3160 940 3248 paulo
955 3166 1031 3249 post
1041 3159 1148 3228 ridere
1162 3167 1346 3249 coeperunt.
1452 3243 1454 3247 Ι
1518 3133 1520 3137 ’

273 3270 509 3361 antiquissime
523 3273 611 3358 enim
625 3273 675 3340 Dii
691 3274 799 3362 poetis
817 3273 952 3342 comicis
972 3274 1141 3362 copiosam
1156 3284 1189 3342 et
1199 3274 1349 3363 jocosam

273 3384 679 3474 praebueruntmateriam.
699 3385 856 3455 Hercules
868 3388 938 3477 jam
949 3386 1276 3476 apudEpicharmum
1292 3387 1346 3473 (l),
1411 3418 1415 3424 ·

273 3498 393 3566 lamam
409 3499 512 3568 habet
527 3498 716 3586 voracitatis
734 3519 833 3588 quam
847 3500 951 3569 semel
966 3503 1092 3590 partam
1112 3500 1196 3590 (jure
1212 3502 1256 3589 (2)
1273 3518 1350 3570 nec-

305 3693 337 3758 (1)
351 3694 507 3757 Epicharm.,
523 3696 680 3758 Fragmenta,
698 3710 723 3758 p.
737 3699 762 3744 9.
779 3696 896 3761 (Poimen
912 3696 1082 3755 Krusemann‚
1099 3696 1210 3754 Heriem,
1229 3696 1312 3762 1834.)

306 3782 340 3849 (2)
356 3786 413 3834 llaec
428 3785 591 3847 potissimum
607 3785 662 3848 ejus
680 3790 714 3834 rel
730 3799 808 3835 causa
822 3786 907 3835 afferri
921 3795 1009 3849 posset
1027 3802 1034 3835 r
1053 3788 1079 3836 in
1095 3788 1191 3837 Boeotia
1205 3796 1280 3837 natus
1297 3796 1350 3837 erat

272 3876 410 3925 Hercules:
426 3890 500 3927 nemo
516 3885 598 3927 autem
610 3878 709 3941 ignoret
720 3878 840 3927 Boeotiam
855 3880 975 3941 anguillis
987 3880 1120 3943 epulisque
1133 3880 1245 3929 nobilem
1260 3880 1348 3934 luisse,
1440 3876 1445 3885 '

273 3975 298 4015 et
315 3968 425 4016 Boeotios
438 3982 494 4029 ,non
513 3982 570 4017 raro
587 3970 652 4017 male
672 3968 786 4017 audiisse
806 3968 874 4033 qued
892 3972 958 4033 gulae
973 3971 1134 4033 indulgerent
1153 3971 1289 4033 omniaque
1309 3971 1349 4019 vel

272 4057 356 4120 ipsum
366 4058 495 4122 ingenium
507 4060 611 4122 pinguia
621 4060 752 4111 haherent.
765 4060 821 4110 Vid.
833 4060 966 4119 Meineck„
978 4062 1119 4124 Fragment.
1133 4061 1224 4110 Comic.
1237 4061 1279 4116 Ill,
1293 4062 1348 4117 125,

272 4151 330 4210 208,
346 4152 403 4211 223,
418 4152 476 4210 443,
492 4153 549 4200 444.
