3425 5167
579 543 582 549 ⁴
673 595 676 600 ,
781 532 939 593 -71-

317 665 381 735 3113
401 674 523 747 1311133,
546 672 630 736 etse
645 685 712 736 333
727 664 871 747 vidente,
890 671 946 733 aut
961 664 1135 753 egentibus
1149 662 1336 746 distribuat,
1354 665 1400 734 ita

315 787 426 849 tamen
440 787 477 849 31
489 779 681 870 philosophi
693 781 828 870 duplam
843 786 971 871 partem
987 778 1168 867 accipiant:
1186 779 1260 868 ipse
1276 778 1399 868 (videte

316 894 461 965 hominis
482 895 693 987 modestiam)
714 896 775 965 erit
795 902 972 970 contentus
989 893 1016 962 si
1032 912 1146 982 peram
1167 912 1260 963 suam
1280 894 1400 965 viderit

316 1009 448 1098 plenam
467 1032 475 1079 :
503 1011 608 1101 magis
624 980 783 1099 ridiculq‘s
801 1010 960 1089 lortasse,
983 1010 1151 1079 venustior
1168 1016 1257 1080 certe
1274 1010 1400 1109 bristo·

316 1125 445 1212 phanea
465 1128 638 1197 coronaria
663 1126 722 1217 (l).
745 1126 961 1197 luditeillam
986 1134 1179 1217 querentem
1196 1135 1229 1196 et
1246 1126 1394 1216 Euripidi

317 1236 420 1305 multa
432 1238 519 1306 mala
531 1247 724 1329 precantem
746 1262 753 1307 :
772 1239 878 1309 nullas
892 1239 961 1329 jam
975 1257 1114 1308 coronas
1137 1238 1260 1321 vendit,
1277 1238 1399 1308 liberos

315 1352 403 1421 alere
422 1371 489 1421 uon
506 1361 629 1442 potest,
656 1374 696 1423 ex
714 1373 781 1444 quo
806 1355 987 1424 sceleratus
1017 1352 1072 1423 ille
1096 1354 1270 1442 Euripides
1288 1353 1399 1425 nullos

314 1470 400 1537 Deos
417 1488 491 1539 esse
505 1469 698 1540 homiuibus
721 1470 898 1560 persuasit.
918 1469 998 1552 Qviis
1021 1469 1195 1539 mulierem
1214 1469 1399 1542 nonutise-

313 1592 453 1667 raretur,
480 1586 556 1676 quis
570 1586 772 1676 Euripidem
792 1606 859 1656 uon
886 1588 1113 1655 execraretur?
1137 1584 1197 1654 sed
1220 1584 1321 1655 finem
1345 1604 1401 1654 ex-

315 1706 456 1787 pectate.
486 1705 567 1771 Cum
593 1700 696 1770 multa
723 1699 939 1771 deblateravit
959 1698 1129 1790 bilemque
1159 1699 1284 1778 effudit,
1309 1699 1401 1770 abire

315 1823 493 1903 properat:
518 1814 644 1885 scilicet
666 1815 696 1883 ei
715 1814 829 1905 viginti
848 1834 978 1886 coronae
999 1813 1167 1903 imperatae
1187 1821 1288 1881 sunt:
1312 1815 1400 1904 quod

261 1958 264 1962 ·
316 1928 486 1998 inventum
508 1930 597 1999 haud
613 1930 760 1999 Molierio
778 1929 821 2019 (1)
843 1928 1027 2017 indignum.

358 2046 490 2134 Itaque,
520 2045 548 2114 si
585 2046 835 2136 Aristophanem
868 2051 995 2117 tantum
1030 2042 1185 2133 effingere
1221 2044 1397 2126 voluisset,

315 2158 412 2249 longe
437 2159 573 2230 inlerior
596 2163 848 2261 essetquippe
877 2159 933 2251 qui
953 2159 1042 2229 illius
1070 2160 1145 2242 vim,
1174 2158 1334 2249 impetum
1368 2168 1400 2230 el

275 2317 278 2324 ·
317 2276 413 2343 311331
441 2282 664 2358 venustatem,
693 2295 753 2345 seu
780 2283 904 2344 naturae
926 2273 1004 2343 vitio
1030 2272 1223 2363 impeditus,
1254 2294 1315 2344 seu
1341 2293 1400 2343 an-

315 2390 419 2478 gustis
436 2389 642 2479 dialogorum
656 2390 779 2460 finibus
797 2397 992 2472 coarctatus,
1011 2408 1084 2459 raro
1101 2396 1309 2479 assequatur.
1335 2390 1399 2458 Sed

316 2522 382 2571 non
403 2501 449 2571 113
468 2521 504 2571 33
525 2521 577 2571 133
595 2500 720 2572 1131131;
751 2502 935 2593 saepissime
959 2502 1048 2573 enim
1067 2500 1296 2590 Aristophanis
1318 2501 1400 2570 alio-

316 2636 455 2708 rumque
476 2617 677 2688 comicorum
696 2620 834 2708 vestigia
847 2619 947 2689 audet
963 2620 1129 2701 deserere,
1150 2620 1230 2690 dum
1247 2628 1305 2689 aut
1324 2619 1397 2701 alia,

316 2742 372 2802 aut
386 2733 514 2815 eadem,
535 2733 593 2802 sed
608 2753 693 2803 uovo
710 2735 823 2816 modo,
844 2742 1038 2824 argumenta
1051 2743 1180 2804 tractat.
1197 2734 1341 2803 Plurima
1357 2736 1399 2805 de

317 2847 449 2917 lerninis
466 2847 584 2916 comici
605 2869 612 2913 :
633 2847 723 2917 haud
737 2847 822 2917 adeo
842 2848 946 2917 1113113
962 2849 1143 2929 Lucienus;
1164 2869 1279 2918 rursus
1293 2869 1400 2939 pauca

316 2960 357 3031 de
377 2962 627 3052 superstitione,
651 2962 692 3032 de
717 2982 829 3033 amore
854 2962 978 3051 gloriae,
997 2962 1151 3032 311111331
1171 2964 1239 3047 lere
1256 2963 1338 3033 nihil
1358 2965 1399 3035 de

317 3085 589 3149 testamentorum
613 3079 811 3171 captatione,
838 3079 879 3149 de
902 3077 1084 3162 historicis,
1108 3079 1314 3170 reliquerunt
1342 3099 1409 3149 3ο-1

316 3195 405 3276 13131,
424 3196 528 3264 313113
543 3203 654 3266 331331
666 3204 699 3267 31
712 3196 822 3287 gravia
834 3194 1008 3266 Lucienus.
1026 3200 1099 3265 lam
1112 3214 1190 3266 vero
1205 3195 1399 3265 1331311333

317 3331 426 3401 neque
457 3311 615 3401 pauciora
642 3332 751 3401 neque
777 3312 901 3381 leviora
932 3310 1124 3381 discrimina
1153 3312 1248 3381 lacile
1281 3312 1398 3402 depre-

317 3425 454 3495 hendes.
483 3425 701 3516 Aristophane
730 3425 925 3517 aequabilior
952 3436 1003 3496 est
1022 3428 1198 3508 Lucienus,
1219 3427 1398 3499 llenandro

317 3543 476 3632 asperior,
503 3562 546 3613 ne
572 3545 677 3613 dicam
707 3545 865 3624 atrocior,
894 3552 927 3613 et
947 3543 1054 3613 laetior
1075 3543 1290 3633 festiviorque
1306 3566 1313 3610 :
1331 3548 1399 3612 lle-

318 3659 435 3728 nandri
466 3659 554 3728 illam
592 3660 754 3729 sermonis
792 3658 958 3727 tristitiam
993 3657 1044 3728 vel
1078 3660 1216 3728 minime
1250 3658 1398 3728 omnium

316 3782 406 3843 amat
418 3783 453 3845 et
466 3783 621 3857 sectatur,
640 3775 707 3843 imo
726 3793 803 3843 vero
820 3771 891 3843 odit
910 3781 943 3843 et
957 3783 1136 3844 aversatur.
1153 3776 1255 3845 llulto
1276 3776 1398 3866 saepius

318 3909 418 3979 quam
441 3889 559 3961 comici
580 3887 767 3980 proverbiis
780 3888 897 3971 311133,
916 3890 1021 3973 313113
1040 3889 1187 3960 crebrius
1203 3889 1400 3980 scriptorum

350 4164 385 4231 (l)
401 4163 636 4230 Thesmophoriaz„
652 4167 770 4216 lid-458.

350 4260 380 4318 (2)
399 4260 446 4309 Les
463 4260 578 4310 Femmes
591 4261 729 4317 Savantes,
745 4259 802 4307 hele
817 4256 997 4317 111,8331131.
