3425 5167
777 574 939 633 ..56-

322 707 542 788 narrationes,
580 703 837 794 descriptiones,
878 701 1122 792 disputationes
1157 701 1321 772 obtinent.
1361 706 1398 771 ln

322 822 505 912 prioribus,
522 819 733 911 paucissimis
749 818 901 909 quidem,
917 818 976 888 sed
990 817 1126 909 optimis
1143 814 1196 907 (ad
1213 836 1271 887 eos
1288 825 1399 887 autem

322 960 422 1030 supra
448 946 596 1007 nostram
621 935 846 1006 referebamus
871 935 1120 1025 cogitationem,
1150 935 1191 1005 de
1218 935 1257 1004 iis
1281 934 1400 1025 ageba-

322 1055 409 1145 nius)
429 1054 509 1123 nibil
526 1054 621 1123 laoile
634 1052 947 1142 reprehendendum
963 1052 1112 1122 invenies
1135 1075 1141 1119 :
1160 1071 1396 1142 personarum,

264 1206 266 1208 ·
321 1189 441 1251 rerum,
455 1177 643 1257 temporum
659 1166 803 1255 perlecto
818 1173 967 1236 servatur
984 1165 1093 1236 decor.
1108 1171 1143 1235 ln
1158 1166 1399 1256 posterioribus

321 1305 399 1355 vero
426 1285 469 1353 ob
494 1282 575 1351 nihil
601 1282 691 1351 aliud
715 1281 888 1372 dialogum*
901 1280 1036 1350 adhibet
1058 1281 1223 1351 Lucianus
1243 1301 1345 1371 quam
1364 1290 1400 1351 ut

322 1400 383 1471 hac
407 1398 592 1469 disserendi
618 1398 746 1469 ratione
763 1398 943 1488 jucundius
963 1398 1120 1467 lectorem
1142 1398 1276 1479 docere,
1305 1419 1400 1489 argu-

322 1515 389 1584 lius
399 1509 524 1594 dicere,
543 1513 749 1604 ingeniosius
762 1526 928 1603 praecepta
944 1513 985 1582 de
998 1513 1065 1581 vita
1084 1521 1116 1583 et
1131 1514 1281 1583 moribus
1299 1514 1399 1604 expli-

325 1649 399 1699 care
427 1630 544 1719 possit.
570 1634 686 1720 ltaque
703 1649 742 1699 ex
757 1629 1049 1720 Mptltoaliquem,
1071 1650 1111 1700 ex
1126 1630 1278 1712 historia,
1298 1651 1316 1701 e
1335 1632 1399 1699 vita

323 1746 491 1815 communi
507 1746 622 1836 arripit
637 1757 737 1836 quem
753 1746 786 1814 in
803 1765 936 1816 scenam
958 1746 1093 1814 inducat
1117 1765 1192 1816 curn
1211 1744 1276 1814 alio
1298 1746 1399 1815 collo-

323 1869 493 1953 quentem.
530 1867 604 1930 lllox
639 1868 750 1930 autem
785 1859 991 1929 obliviscitur
1027 1860 1090 1929 sibi
1128 1860 1251 1931 alienas
1288 1870 1399 1950 partes

323 1977 467 2067 agendas
485 2001 492 2046 :
511 1997 588 2047 suas
603 1978 685 2068 agit3
703 1976 843 2046 alienam
861 1995 1036 2065 personam
1058 1995 1134 2046 esse
1146 1976 1396 2046 sustinendam:

289 2113 416 2163 suam
461 2093 618 2173 sustinet3
659 2092 783 2161 alienas
820 2092 997 2183 opiniones
1028 2092 1253 2163 defendendas
1287 2117 1294 2162 :
1323 2113 1399 2163 suas

323 2218 434 2280 tuetur
455 2229 492 2278 ac
512 2207 672 2280 defendit.
692 2213 762 2278 Non
779 2214 907 2291 lovem,
925 2229 992 2278 non
1010 2210 1183 2292 Solonem,
1204 2230 1272 2279 non
1288 2210 1400 2301 Micyl-

323 2324 407 2405 lum,
432 2323 490 2393 sed
508 2324 688 2393 Lucianum
705 2323 871 2392 audimus.
894 2324 1143 2414 Huiuscemodi
1163 2344 1240 2413 ergo
1257 2325 1397 2416 dialogi,

322 2439 472 2536 quamvis
505 2436 655 2526 plerique
683 2437 822 2508 tortasse
852 2438 953 2506 etiarn
987 2438 1192 2529 gravioribus
1223 2440 1399 2511 sententiis

321 2573 420 2644 quarn
445 2551 545 2623 ceteri
568 2551 751 2634 abundent,
779 2552 929 2642 quamvis
949 2552 981 2621 in
1003 2553 1278 2624 laudabilioribus
1301 2574 1400 2645 argu-

321 2667 443 2738 mentis
458 2676 647 2749 versentur,
664 2667 794 2738 facilem
808 2676 917 2737 tamen
934 2678 967 2747 et
979 2671 1131 2739 meritam
1147 2668 1270 2738 babent
1285 2690 1400 2760 repre-

321 2787 538 2867 hensionem,-
566 2785 594 2854 si
621 2785 662 2855 ad
686 2794 791 2855 artem
815 2784 923 2854 solum
951 2785 1171 2875 ordinemque
1193 2803 1304 2855 rerum
1330 2807 1400 2856 res-

320 2900 462 2990 pexeris.
487 2900 611 2971 Sed'ne
632 2900 780 2970 severius
800 2920 858 2970 eos
875 2881 1011 2969 damnes
1034 2908 1096 2968 :ut
1111 2900 1200 2969 enim
1221 2920 1257 2969 se
1277 2900 1399 2971 imitari

313 3019 465 3087 ‘comicos
484 3017 573 3086 baud
592 3018 695 3087 semel
712 3016 888 3087 declaravit
907 3016 1087 3096 Lucienus,
1109 3018 1154 3083 ita
1170 3036 1341 3105 nunquam
1363 3036 1398 3087 se

297 3127 395 3202 'rere
417 3132 581 3203 comicum
607 3152 681 3202 esse
709 3132 880 3223 protessus
909 3142 970 3201 est.
998 3132 1082 3213 Quid
1108 3139 1233 3210 autem¹
1249 3129 1398 3222 iniquius

320 3267 419 3335 quarn
439 3248 467 3316 si
484 3246 524 3315 ab
539 3266 579 3317 eo
594 3256 764 3337 repeteres
775 3247 867 3337 quod
883 3267 949 3316 non
961 3247 1126 3336 promisit,
1147 3268 1232 3338 opus
1248 3250 1399 3339 exigeres

317 3363 407 3453 quod
424 3383 490 3432 nou
506 3363 673 3454 suscepit?
696 3368 769 3432 Jarn
790 3383 883 3442 vero,
906 3363 986 3453 quid
1007 3363 1139 3433 tandem
1160 3364 1261 3433 relert
1279 3386 1398 3454 parurn

317 3478 385 3546 reri
405 3476 526 3547 similia
544 3497 666 3560 necne,
684 3496 801 3568 parum
822 3480 874 3547 sui
890 3479 1036 3568 propria,
1055 3498 1171 3568 parum
1193 3488 1270 3568 apta
1286 3479 1400 3552 dicant

318 3592 477 3663 lucianeae
497 3612 664 3682 personae,
685 3594 713 3662 si
735 3612 812 3662 vera
831 3592 966 3662 dicunt?
986 3593 1221 3675 Quidtandem
1237 3603 1291 3688 est
1306 3597 1398 3685 quod

317 3710 579 3790 stomacbemur,
608 3709 699 3800 quod
728 3710 955 3799 indignemur,
980 3708 1006 3778 si
1033 3708 1241 3799 propositum
1269 3710 1397 3800 optime

243 3852 245 3856 ’
318 3826 516 3895 consecutus
535 3832 586 3895 est
600 3826 780 3906 lucianus,
800 3825 839 3906 si,
857 3825 890 3894 id
912 3824 1001 3914 quod
1024 3823 1139 3906 voluit,
1159 3823 1244 3914 vulgi
1267 3844 1397 3894 errores

316 3948 349 4009 et
362 3939 553 4021 stultitiam,
578 3940 856 4030 pbilosophorum
884 3939 1077 4021 vanitatem,
1106 3938 1296 4008 divitiarum
1325 3940 1398 4008 ina-

315 4053 1394 4144 nitatem,lelioissimeostendit‘lDecipimurquidemetlallimnr,

316 4191 416 4262 quum
438 4169 526 4240 baud
547 4178 661 4240 notum
684 4170 780 4240 nobis
801 4171 860 4240 sed
875 4171 988 4241 lictum
1008 4168 1186 4260 quemdam
1206 4178 1238 4239 et
1257 4170 1395 4241 omnino

314 4287 502 4357 lucianeum
514 4291 648 4367 lovem,
669 4286 841 4365 Solonem,
859 4285 1022 4375 llieyllum
1038 4283 1208 4366 itidemne,
1228 4284 1287 4355 sed
1303 4285 1394 4355 nullo
