3425 5167
806 566 907 588 ΙΝ..

771 609 773 614 ,
829 564 998 623 20-11-

391 700 517 760 luatum
535 710 609 760 esse
627 689 689 779 (l);
710 690 861 759 ridemus
877 688 1048 770 eumdem,
1067 687 1143 758 licet
1158 687 1378 778 philosophiae
1395 698 1466 760 stu·
1525 759 1532 770 ,

391 806 617 877 diesissimum
636 816 670 876 et
693 805 958 875 amentissimum
977 806 1119 875 Socratis
1140 804 1357 895 discipulum,
1380 807 1466 879 hris-

390 924 571 1012 tophanem
588 921 785 993 acerrimum
811 931 910 1012 atque
937 921 1200 991 infensissimum
1219 930 1290 992 tum
1314 922 1466 1012 philoso-
1498 981 1501 986 .

389 1039 491 1128 phiae,
510 1046 579 1109 tum
606 1039 748 1107 Socratis
772 1036 1025 1126 exagitatorem,
1043 1036 1126 1106 adeo
1148 1036 1305 1106 dilexisse
1326 1046 1359 1107 et
1383 1040 1465 1107 tenti

388 1150 506 1222 fecisse
523 1160 560 1221 ut
575 1171 650 1221 eum
665 1151 839 1240 praeclaras
854 1160 965 1241 partes
981 1159 1134 1240 egentem
1150 1151 1184 1219 in
1201 1170 1261 1220 suo
1282 1152 1464 1239 Symposio

387 1261 570 1345 induxerit,
597 1272 766 1334 mortuum
791 1244 1125 1335 honorificentissimo
1152 1263 1387 1353 epigrammate
1419 1265 1462 1356 (2)

388 1379 551 1448 ornaverit
562 1379 700 1469 ejusque
714 1378 894 1450 comoedias
908 1387 941 1449 et
952 1379 1023 1448 eliis
1033 1378 1285 1477 diligentissime
1300 1399 1465 1449 commen-

387 1494 479 1563 daret
499 1502 531 1563 et
546 1497 618 1583 ipse
637 1513 745 1584 usque
764 1494 805 1562 ad
824 1476 1017 1584 supremum
1040 1493 1114 1561 vitae
1134 1492 1223 1562 diem
1243 1494 1298 1583 pia
1318 1494 1463 1583 quadem

385 1606 594 1688 assiduitate,
617 1608 892 1697 quotiescumque
911 1606 1102 1687 recubaret,
1127 1606 1203 1677 lecti
1221 1608 1357 1695 pulvino
1379 1610 1464 1696 sup-

385 1740 509 1811 ponere
531 1723 664 1792 soleret.
693 1709 948 1793 Nullus‘eutem
973 1721 1179 1813 dialogorum
1207 1721 1361 1811 scriptor,
1394 1741 1460 1790 non
1534 1720 1538 1727 ’

383 1829 456 1919 ipse
473 1831 580 1911 Plato,
605 1839 732 1901 tentum
752 1833 887 1903 comicis
908 1840 1068 1923 quantum
1092 1832 1256 1901 Lucienus
1278 1836 1459 1904 convenit:

384 1941 412 2010 is
432 1941 522 2010 enim
536 1942 672 2011 eosdem
685 1942 770 2025 lere,
792 1964 876 2034 quos
893 1944 958 2025 illi,
974 1942 1117 2027 deridet;
1137 1944 1257 2013 eodem
1272 1946 1373 2015 modo
1392 1944 1459 2017 suae

382 2060 488 2127 aetatis
504 2078 613 2131 mores
631 2061 794 2151 depingit,
813 2061 930 2131 eadem
950 2061 991 2131 de
1012 2060 1096 2144 Diis,
1118 2060 1158 2131 de
1179 2060 1322 2130 humane
1341 2072 1460 2133 nature

383 2174 498 2255 sentit,
517 2176 632 2245 eadem
648 2176 689 2247 de
705 2177 852 2246 moribus
868 2178 1034 2268 praecipit,
1054 2176 1206 2247 eamdem
1222 2197 1332 2247 rerum
1349 2178 1460 2269 dispo-

382 2289 553 2371 sitionem,
576 2290 664 2360 idem
693 2311 798 2382 genus
821 2291 953 2362 dicendi
979 2293 1121 2362 affectet.
1151 2299 1264 2383 Neque
1292 2294 1458 2365 immerito

381 2404 500 2493 aliquis
520 2404 603 2472 dixit
620 2406 714 2475 illum
739 2405 903 2475 comicum
923 2406 1118 2495 scriptorem
1144 2406 1246 2479 fuisse
1271 2410 1324 2479 cui
1350 2410 1459 2478 solum

285 2515 288 2520 ’
382 2538 481 2589 scene
496 2518 649 2589 deluerit.
666 2526 733 2589 Has
751 2539 828 2610 ergo
844 2520 1079 2591 similitudines
1095 2523 1232 2612 exsequi
1252 2525 1405 2593 nolumus
1426 2533 1459 2594 et

382 2634 481 2703 simul
501 2634 677 2705 ostendere
693 2635 861 2726 quomodo
879 2635 1058 2717 Lucienus,
1087 2636 1218 2707 etiarnsi
1238 2648 1366 2710 veteres
1382 2639 1459 2708 imi-

299 2830 301 2833 ,
381 2756 504 2819 teretur
534 2748 719 2839 alienisque
752 2749 899 2840 vestigiis
932 2750 1115 2831 insisteret,
1150 2759 1260 2821 tamen
1289 2753 1457 2842 propriam

380 2873 531 2935 naturam
546 2874 681 2936 secutus
696 2865 794 2936 luerit
814 2873 847 2936 et
863 2885 929 2935 non
946 2886 1050 2955 pauca
1066 2866 1108 2936 de
1124 2886 1185 2936 suo
1205 2867 1370 2938 extulerit.

412 3393 447 3458 (l)
457 3394 578 3457 Diogenes
588 3395 701 3445 Laertius
713 3400 736 3453 3,
749 3398 772 3443 9.
784 3395 951 3459 Epicharmus
961 3397 1017 3460 ipse
1030 3396 1103 3460 quasi
1117 3396 1203 3445 divino
1217 3396 1308 3460 spiritu
1321 3397 1455 3449 instinctus

380 3498 454 3548 quem
470 3498 642 3534 successorem
657 3484 790 3535 habiturus
806 3492 873 3535 esset
889 3494 1059 3548 praesenserat
1072 3486 1281 3551 gravissimisque
1296 3496 1319 3536 el
1332 3488 1456 3551 pulcher-

378 3575 450 3623 rimis
465 3575 549 3626 verhis
564 3577 734 3639 praedixerat:

496 3676 530 3736 ὡς
545 3673 618 3749 δ’ἐγὼ
631 3673 717 3747 δοκέω,
735 3674 805 3731 δοκεῖ
819 3677 898 3749 sapic
911 3675 962 3750 peip
981 3671 1047 3750 ἄμμι
1061 3674 1145 3745 τοῦθ’,
1161 3674 1201 3731 ὅτι

497 3775 546 3822 τῶν
562 3770 627 3845 ἐμῶν
641 3770 734 3843 μνάμα
749 3766 810 3825 ποκ’
826 3771 942 3824 ἐσσεῖται
958 3767 1150 3842 λόγωιτσὺτων
1165 3764 1214 3822 ἔτι.

501 3862 549 3914 Καὶ
564 3861 646 3917 laeda
661 3881 701 3923 τις
716 3862 797 3930 αὐτὰ,
816 3858 960 3934 περιδύσας
976 3862 1007 3914 τὸ
1021 3862 1113 3935 μέτρον
1128 3858 1141 3914 ὃ
1157 3865 1204 3913 νῦν
1219 3854 1289 3930 ἔχει,

496 3949 558 4027 εἷμα
574 3952 637 4015 δοὺς
652 3975 697 4009 και
709 3956 846 4028 πορφύραν
863 3954 962 4027 λόγοισι
977 3954 1097 4010 neuile-r
1113 3951 1212 4016 καλᾶς,

498 4042 701 4108 δυσπάλαιστος
715 4044 749 4099 ὥν
763 4049 824 4109 τοὺς
838 4044 931 4108 ἄλλους
945 4047 1139 4105 εὐπαλαίστους
1151 4046 1286 4117 desperari.

410 4142 443 4207 (2)
557 4141 586 4195 Αἱ
601 4140 714 4217 Χάριτες
729 4140 831 4214 τέμενός
843 4160 869 4193 τι
880 4136 971 4194 Ιλαθεῖν
983 4136 1046 4211 ὅπερ
1060 4138 1122 4208 οὐχι
1137 4144 1256 4192 πεσεῖται

596 4238 739 4297 cerotum,
754 4232 844 4305 ψυχήν
858 4227 933 4303 εὗρον
947 4218 1162 4307 Ἀριστοφάνους.
