3425 5167
778 538 941 597 ..62-

317 667 478 738 Lucianus
496 667 675 737 Pantheam
691 676 740 737 tot
761 666 892 736 lleabus
914 675 1092 757 comparat,
1120 669 1301 754 rhetorice,
1331 691 1398 741 non

317 784 470 874 epicuree
484 782 745 866 facit,laudatiri
762 784 893 873 generis
907 784 983 874 J'ura
1002 793 1141 874 usurpat
1159 804 1270 876 neque
1287 787 1400 876 plrllo-

316 902 443 991 soplrlae
462 909 628 991 praecepta
655 885 827 991 sequitur,
865 901 967 970 veteri
996 900 1128 980 ducitur
1157 902 1399 975 consuetudine

316 1018 483 1109 nequead
502 1019 616 1087 nescio
642 1037 741 1108 quam
759 1016 801 1086 de
823 1037 954 1088 summa
973 1017 1219 1107 pulchritudine
1247 1038 1400 1109 praecon-

316 1142 445 1224 ceptam
459 1134 651 1223 opinionem
659 1152 795 1202 manum
806 1142 839 1204 et
851 1140 954 1203 artem
970 1132 1095 1223 dirigit.
1108 1136 1184 1223 lpse
1198 1133 1397 1204 confitetur:

249 1296 253 1305 ·
316 1247 433 1338 quidni
450 1246 621 1317 confitenti
637 1247 813 1317 credamus
832 1246 903 1337 (l)‘l

360 1363 462 1433 Valde
491 1381 606 1433 vereor
631 1382 673 1434 ne
693 1363 824 1453 longius
845 1363 887 1433 de
910 1362 1071 1432 lucianels
1093 1363 1399 1453 comparationibus

315 1476 429 1547 ridear
443 1476 665 1566 disputavisse
683 1499 689 1545 :
705 1475 765 1547 sed
781 1497 850 1547 rem
867 1473 900 1547 et
919 1476 1146 1566 gravissimam
1162 1484 1195 1547 et
1209 1478 1321 1546 minus
1339 1478 1400 1547 cla-

314 1610 477 1671 ramesse
497 1590 692 1661 existimavi.
713 1594 806 1661 Nunc
820 1599 933 1660 aulem
951 1598 1084 1680 tempus
1102 1597 1153 1660 est
1174 1589 1265 1660 adid
1287 1592 1400 1664 venire

316 1705 357 1776 de
375 1725 440 1795 quo
458 1704 625 1796 praecipue
644 1704 677 1773 in
689 1705 753 1775 lroc
768 1706 875 1795 capite
892 1705 1021 1795 egimus
1040 1714 1073 1775 et
1087 1705 1263 1775 ostendere
1277 1716 1401 1795 quanta

316 1819 518 1917 comicorum
534 1818 664 1889 dicendi
680 1838 784 1909 genus
804 1838 880 1888 cum
901 1817 1054 1887 lucianeo
1082 1816 1240 1887 affinitate
1258 1816 1301 1887 sit
1322 1838 1401 1889 con-

312 1935 477 2024 junctum.
494 1941 534 2004 nt
556 1934 699 2024 primum
720 1933 802 2003 illud
822 1953 1015 2024 praemoneo
1035 1954 1102 2003 non
1130 1953 1247 2005 omnes
1268 1934 1302 2003 in
1330 1936 1402 2005 sin-

315 2049 403 2138 gulis
435 2050 586 2139 partibus
621 2058 662 2119 ee
688 2049 800 2119 varnis
830 2046 1067 2119 similitudines
1098 2067 1152 2118 me
1182 2050 1338 2139 persequi
1369 2058 1402 2119 et

316 2164 395 2254 quid
416 2166 535 2256 cuique
552 2163 721 2247 debuerit,
744 2164 972 2234 demonstrare
993 2163 1079 2235 velle
1094 2185 1101 2233 :
1115 2183 1182 2234 non
1200 2165 1311 2235 solum
1323 2166 1401 2235 infi-

223 2306 230 2316 -
315 2278 375 2347 niti
396 2278 465 2348 lere
485 2278 609 2347 laboris
629 2286 729 2360 esset,
753 2278 812 2348 sed
828 2279 927 2349 etlam

607 2443 760 2495 Periculosae
775 2446 881 2510 plenum
899 2459 963 2509 opus
978 2445 1056 2504 aleae3

317 2589 408 2679 quod
447 2590 535 2659 enim
568 2589 684 2661 eadern
716 2610 801 2671 ron,
835 2589 953 2659 eadem
984 2590 1106 2680 ligura,
1145 2590 1234 2661 idem
1263 2612 1401 2689 prover-

315 2703 408 2773 bium
424 2705 513 2795 apud
540 2705 703 2775 comicum
730 2706 876 2797 aliquem
897 2714 930 2775 et
956 2706 1137 2776 lucianum
1157 2708 1311 2789 occurrit,
1331 2726 1399 2776 non

264 2889 266 2902 ,
315 2821 468 2911 protinus
491 2821 566 2911 Jure
585 2812 698 2893 inferri
715 2831 827 2913 potest
843 2822 1025 2898 Lucienum
1046 2822 1211 2893 imitatum
1228 2821 1348 2903 luisse,
1367 2830 1400 2892 et

315 2920 411 3005 istius
426 2936 517 3005 modi
531 2935 716 3006 similitudo
735 2957 824 3028 saepe
837 2937 979 3007 fortunae
995 2938 1108 3028 potius
1122 2957 1222 3028 quam
1236 2936 1399 3007 uoluntati

315 3050 494 3123 tribuenda
506 3060 568 3122 est.
582 3051 674 3123 Adde
685 3051 776 3143 quod
792 3054 949 3122 solennes
965 3053 1116 3141 quaedam
1132 3051 1319 3122 locutiones
1333 3071 1399 3121 non

315 3171 416 3239 unius
435 3178 493 3238 aut
509 3170 645 3239 alterius
662 3169 815 3259 propriae,
831 3168 891 3238 sed
910 3168 1067 3238 omnibus
1082 3186 1277 3239 communes
1291 3176 1325 3237 et
1338 3188 1401 3258 pu·

315 3280 425 3363 hlicae,
437 3282 587 3372 quaedam
600 3281 774 3373 proverbia
791 3282 887 3374 quasi
903 3282 1091 3352 necessario
1107 3281 1148 3351 iis
1166 3300 1240 3353 sese
1256 3282 1401 3352 offerunt

316 3395 373 3485 qni
393 3395 560 3485 quoddam
580 3414 665 3485 opus
680 3404 832 3481 tractent,
846 3399 888 3469 de
905 3397 1105 3489 quibusdam
1122 3397 1222 3466 rebus
1241 3396 1397 3468 scribant.

316 3512 357 3576 Ul
371 3510 524 3612 exemplo
544 3516 628 3591 utar,
645 3511 733 3599 apud
750 3531 850 3601 quern
867 3525 934 3600 λόγῳ
948 3527 1004 3601 μὲν,
1023 3522 1091 3602 ἔργῳ
1105 3522 1143 3593 te,
1162 3532 1237 3603 σῶμα
1252 3527 1307 3601 μὲν,
1323 3525 1399 3600 ψυχὴ

313 3625 351 3698 δέ,
370 3630 512 3707 ἁλλότρίως
527 3631 582 3709 pir,
593 3628 874 3706 ,οἱκεὶωςδὲ“(2),ἄξιὸν
890 3635 927 3705 (5)
941 3634 1008 3706 ἔστι,
1023 3633 1166 3710 ἒὸονλὸμην
1183 3630 1214 3689 ἅν
1228 3628 1281 3711 (l),
1298 3634 1401 3691 dorici*

348 3876 381 3942 (1)
396 3876 444 3925 Pro
459 3876 578 3939 Imagin„
596 3879 635 3927 19.

347 3965 383 4030 (2)
398 3965 523 4030 Thucyd,
540 3966 572 4026 ll,
590 3966 631 4024 40,
644 3966 686 4015 do.
702 3967 769 4026 -Ι,
785 3967 818 4019 70
833 3976 858 4017 et
872 3968 978 4033 passim.
996 3996 1028 4006 -
1040 3970 1076 4020 Gl.
1093 3970 1171 4033 Lysi„
1188 3970 1255 4020 Orat.
1274 3971 1365 4021 funeb.

348 4055 383 4120 (3)
397 4056 513 4114 lsocrat,
525 4056 592 4105 Orat.
608 4062 674 4105 cont.
690 4056 813 4120 Sophisl.,
825 4058 875 4107 det
888 4072 958 4122 pass.
970 4086 1002 4097 —
1014 4060 1052 4110 Cf.
1065 4061 1183 4119 Luciam,
1197 4062 1231 4111 lle
1244 4062 1328 4120 Luat..
1341 4064 1364 4110 l.

348 4144 383 4210 (4)
397 4145 536 4205 llemoslh,
553 4144 655 4204 Exord,
671 4146 709 4205 16,
725 4147 766 4204 32,
782 4148 823 4197 45.
839 4174 871 4183 -
887 4148 1135 4209 el.1·socrar.,orar.
1159 4150 1190 4199 de
1214 4151 1283 4209 Pac,
1310 4153 1350 4200 13.
1366 4177 1398 4186 —

314 4237 453 4301 aristoph,
469 4237 682 4297 Ecclesiaz.,151.
753 4217 764 4239 '¹
