3425 5167
843 549 1007 608 ..60-

385 683 495 774 aliqua
510 690 644 753 coactus
660 683 854 772 susceperit,
872 681 961 772 quod
978 680 1113 772 quidem
1129 680 1283 760 luciano,
1297 688 1334 750 ut
1349 699 1464 771 parum

384 793 562 880 fortunato
582 797 656 886 plus
673 817 773 887 qnam
787 796 890 867 semel
916 796 1075 866 accidisse
1095 795 1238 866 libenter
1258 795 1462 865 crediderim.

384 918 468 981 Eum
491 914 524 981 in
551 912 719 983 lincomio
741 916 865 982 Mosco
888 911 1022 1002 ingenio
1040 912 1219 981 indulsisse
1234 919 1267 980 et
1289 910 1465 981 ostendere

384 1023 531 1099 voluisse
544 1049 645 1119 quam
659 1028 711 1097 uel
725 1028 950 1099 minutissima
963 1037 996 1098 et
1009 1036 1135 1099 attente
1144 1026 1336 1098 observaret
1346 1035 1380 1097 et
1395 1026 1465 1095 dili-

384 1152 501 1235 genter
514 1144 727 1228 describeret,
741 1144 838 1215 lacile
852 1144 1047 1215 concedam:
1062 1142 1122 1212 sed
1133 1162 1236 1233 quum
1249 1143 1379 1234 Hippiae
1393 1163 1466 1213 nes-

241 1286 247 1290 ·
321 1335 323 1340 ,
385 1261 436 1329 cio
454 1260 548 1349 qu‘us
572 1258 755 1342 balineum,
782 1279 885 1349 quum
915 1258 1025 1328 nescio
1054 1278 1154 1348 quam
1178 1258 1314 1327 domum
1334 1256 1462 1342 laudat,

384 1376 495 1443 minus
514 1372 634 1443 lamam
650 1393 750 1464 quam
764 1374 940 1465 pecuniam
960 1372 1042 1441 mibi
1059 1392 1210 1463 quaerere
1228 1372 1371 1442 videtur.
1393 1378 1466 1443 lam

384 1510 462 1559 vero
477 1510 594 1561 omues
609 1492 681 1582 ejus
696 1488 944 1579 Praelectcoues
960 1491 1146 1560 necessario
1163 1490 1274 1579 potius
1292 1509 1394 1579 quam
1410 1509 1467 1558 vo·
1557 1499 1558 1506 ’

385 1603 526 1673 luntario
546 1624 620 1674 esse
639 1605 843 1695 compositas
863 1606 970 1675 velex
988 1604 1060 1695 ipso
1079 1604 1175 1674 titulo
1196 1604 1277 1674 satis
1303 1613 1463 1694 apparet:

385 1719 651 1811 praelegebantur
666 1720 755 1789 enim
773 1731 809 1789 ut
819 1720 1009 1791 auditorum
1021 1698 1150 1789 mentes
1164 1719 1345 1802 allicerent,
1360 1720 1467 1791 bene-

386 1835 564 1905 volentiam
580 1836 701 1905 oratori
718 1836 942 1907 conciliarent.
965 1837 1088 1904 Omnes
1103 1842 1214 1904 aulem
1230 1834 1263 1903 in
1277 1833 1466 1905 infelicibus

386 1951 588 2041 argumentis
615 1959 799 2021 versantur.
829 1950 916 2033 Quid
942 1953 1031 2020 enim
1049 1950 1211 2019 infelicius
1238 1960 1272 2021 et
1298 1951 1467 2040 spinosius

385 2086 484 2154 quam
496 2075 528 2134 et
541 2086 578 2137 se
590 2085 717 2155 suaque
732 2084 833 2155 opera
849 2075 883 2135 et
898 2067 1031 2156 ignotos
1047 2065 1201 2134 homines
1217 2065 1375 2151 laudaret
1387 2067 1477 2148 Quis·

385 2188 452 2248 tam
472 2189 582 2249 vetera
607 2199 706 2262 nove,
736 2188 802 2249 lam
828 2181 904 2249 vilia
924 2189 1051 2258 ornate,
1072 2188 1141 2249 tam
1160 2180 1287 2269 ingrata
1302 2181 1465 2270 jucunde,

387 2306 452 2365 tam
478 2295 575 2364 exilia
603 2298 894 2385 copiosetractett
919 2300 965 2366 lle
990 2296 1156 2366 Lucienus
1182 2296 1316 2386 quidem
1343 2298 1466 2386 possit,

387 2411 536 2500 quamvis
562 2409 692 2498 ingenio
720 2417 752 2478 et
780 2410 930 2480 doctrina
959 2392 1122 2494 abundet;
1158 2411 1237 2502 quiid
1263 2431 1341 2501 ergo
1367 2412 1469 2481 lacit?

387 2523 675 2613 Comparationem
699 2525 793 2615 quasi
812 2528 989 2616 quemdam
1006 2534 1110 2598 Deum
1127 2547 1165 2598 ex
1183 2530 1335 2600 machina
1353 2550 1466 2601 arces-

386 2640 453 2708 sit:
475 2659 511 2709 se
527 2641 697 2710 Herodoto
719 2643 773 2731 (l),
798 2644 934 2714 Zeuxidi
956 2643 1013 2735 lu),
1032 2644 1207 2715 Timotheo
1229 2644 1285 2735 (3),
1303 2646 1469 2715 Anachar-
1548 2740 1554 2743 ῃ

387 2758 448 2827 sidi
463 2758 518 2849 (l),
536 2757 582 2827 iis
591 2759 646 2850 qui
660 2779 679 2828 a
692 2760 891 2850 Dipsadibus
902 2760 1003 2831 morsi
1020 2761 1264 2851 inextinguibili
1278 2763 1469 2832 cruciantur

386 2873 451 2954 siti,
477 2874 609 2944 Herculi
637 2882 668 2943 et
698 2875 836 2956 Baccho,
870 2874 1289 2965 auditoresOlympiorum
1312 2876 1468 2947 ludorum

386 2989 645 3078 spectatoribus
662 2989 796 3077 optimis
809 2989 995 3079 judicibus,
1015 2973 1127 3060 Soloni
1148 2999 1326 3081 comparat.
1342 2993 1467 3062 ldeone

387 3101 432 3170 illi
452 3104 743 3174 succensendum?
760 3104 908 3172 Minime.
931 3104 1015 3173 Malo
1036 3105 1192 3195 equidem
1499 3114 1501 3120 '

550 3272 614 3322 nihil
630 3272 709 3323 invita
725 3273 792 3323 dicut
806 3273 913 3323 laciatve
926 3274 1052 3337 Minerva,

388 3426 421 3485 et
439 3436 513 3506 quae

549 3588 672 3651 uespera
687 3589 793 3636 tractata
806 3587 930 3638 nitescere
940 3600 1024 3651 posse,
1035 3587 1172 3652 relinquat,

389 3750 488 3821 quam
514 3730 541 3798 si
560 3739 686 3800 naturae
704 3730 768 3799 vim
789 3728 902 3799 allerat
923 3736 969 3811 et,
987 3723 1024 3797 ul
1040 3728 1148 3810 aiunt,
1167 3749 1287 3820 aquam
1302 3705 1320 3799 a
1337 3730 1468 3819 pumice

422 4006 459 4073 (1)
479 4005 597 4054 Herodot.

423 4098 458 4163 (a)
477 4098 575 4147 Zeuxis.
623 4129 625 4132 -

421 4197 452 4253 (3)
470 4190 645 4249 Harmonidos.

421 4282 457 4349 (4)
475 4282 576 4345 Scytha.
