<?xml version="1.0" encoding="UTF-8"?>
<!DOCTYPE html PUBLIC "-//W3C//DTD XHTML 1.0 Transitional//EN"
    "http://www.w3.org/TR/xhtml1/DTD/xhtml1-transitional.dtd">
<html xmlns="http://www.w3.org/1999/xhtml" xml:lang="en" lang="en">
 <head>
  <title>
</title>
<meta http-equiv="Content-Type" content="text/html;charset=utf-8" />
  <meta name='ocr-system' content='tesseract 3.04.00' />
  <meta name='ocr-capabilities' content='ocr_page ocr_carea ocr_par ocr_line ocrx_word'/>
</head>
<body>
  <div class='ocr_page' id='page_1' title='image "./quidcomicisdebu00rabagoog_0052.png"; bbox 0 0 3425 5167; ppageno 0'>
   <div class='ocr_carea' id='block_1_1' title="bbox 714 534 875 593">
    <p class='ocr_par' dir='ltr' id='par_1_1' title="bbox 714 534 875 593">
     <span class='ocr_line' id='line_1_1' title="bbox 714 534 875 593; baseline -0.006 -16"><span class='ocrx_word' id='word_1_1' title='bbox 714 534 875 593; x_wconf 72' lang='lat'>..47-</span> 
     </span>
    </p>
   </div>
   <div class='ocr_carea' id='block_1_2' title="bbox 208 651 1338 1306">
    <p class='ocr_par' dir='ltr' id='par_1_2' title="bbox 208 651 1338 1306">
     <span class='ocr_line' id='line_1_2' title="bbox 253 651 1335 753; baseline -0.002 -22"><span class='ocrx_word' id='word_1_2' title='bbox 253 663 574 753; x_wconf 87' lang='lat' dir='ltr'>delectationemque</span> <span class='ocrx_word' id='word_1_3' title='bbox 600 651 752 752; x_wconf 74' lang='lat' dir='ltr'>percipit.</span> <span class='ocrx_word' id='word_1_4' title='bbox 776 661 862 743; x_wconf 82' lang='lat' dir='ltr'>Quid</span> <span class='ocrx_word' id='word_1_5' title='bbox 891 659 980 751; x_wconf 89' lang='lat' dir='ltr'>quod</span> <span class='ocrx_word' id='word_1_6' title='bbox 1009 660 1182 728; x_wconf 89' lang='lat' dir='ltr'>hominum</span> <span class='ocrx_word' id='word_1_7' title='bbox 1212 661 1335 729; x_wconf 89' lang='lat' dir='ltr'>immo-</span> 
     </span>
     <span class='ocr_line' id='line_1_3' title="bbox 253 775 1336 866; baseline -0.003 -20"><span class='ocrx_word' id='word_1_8' title='bbox 253 778 394 848; x_wconf 91' lang='lat' dir='ltr'>lationes</span> <span class='ocrx_word' id='word_1_9' title='bbox 410 776 457 866; x_wconf 74' lang='lat' dir='ltr'>(ll</span> <span class='ocrx_word' id='word_1_10' title='bbox 469 778 634 847; x_wconf 84' lang='lat' dir='ltr'>existimat</span> <span class='ocrx_word' id='word_1_11' title='bbox 651 776 891 847; x_wconf 77' lang='lat' dir='ltr'>tolerabiliores</span> <span class='ocrx_word' id='word_1_12' title='bbox 913 794 1014 865; x_wconf 84' lang='lat' dir='ltr'>quarn</span> <span class='ocrx_word' id='word_1_13' title='bbox 1028 775 1252 864; x_wconf 83' lang='lat' dir='ltr'>AEgyptiorum</span> <span class='ocrx_word' id='word_1_14' title='bbox 1279 794 1336 843; x_wconf 92' lang='lat' dir='ltr'>su-</span> 
     </span>
     <span class='ocr_line' id='line_1_4' title="bbox 253 890 1335 983; baseline -0.006 -20"><span class='ocrx_word' id='word_1_15' title='bbox 253 895 483 982; x_wconf 90' lang='lat' dir='ltr'>perstitiones‘l</span> <span class='ocrx_word' id='word_1_16' title='bbox 492 898 572 976; x_wconf 77' lang='lat' dir='ltr'>Qua</span> <span class='ocrx_word' id='word_1_17' title='bbox 585 892 732 983; x_wconf 84' lang='lat' dir='ltr'>quidem,</span> <span class='ocrx_word' id='word_1_18' title='bbox 742 892 955 983; x_wconf 80' lang='lat' dir='ltr'>quantumvis</span> <span class='ocrx_word' id='word_1_19' title='bbox 969 892 1128 972; x_wconf 83' lang='lat' dir='ltr'>ridiculae,</span> <span class='ocrx_word' id='word_1_20' title='bbox 1148 890 1205 960; x_wconf 90' lang='lat' dir='ltr'>sed</span> <span class='ocrx_word' id='word_1_21' title='bbox 1223 899 1335 959; x_wconf 93' lang='lat' dir='ltr'>temen</span> 
     </span>
     <span class='ocr_line' id='line_1_5' title="bbox 253 1004 1338 1102; baseline -0.005 -26"><span class='ocrx_word' id='word_1_22' title='bbox 253 1009 357 1078; x_wconf 92' lang='lat' dir='ltr'>multo</span> <span class='ocrx_word' id='word_1_23' title='bbox 374 1006 736 1102; x_wconf 25' lang='lat' dir='ltr'>minus-abominandae</span> <span class='ocrx_word' id='word_1_24' title='bbox 758 1006 1006 1077; x_wconf 88' lang='lat' dir='ltr'>cuilibetlecile</span> <span class='ocrx_word' id='word_1_25' title='bbox 1026 1004 1237 1074; x_wconf 90' lang='lat' dir='ltr'>videbuntur.</span> <span class='ocrx_word' id='word_1_26' title='bbox 1257 1005 1338 1072; x_wconf 87' lang='lat' dir='ltr'>illal-</span> 
     </span>
     <span class='ocr_line' id='line_1_6' title="bbox 208 1112 1334 1211; baseline -0.004 -22"><span class='ocrx_word' id='word_1_27' title='bbox 208 1112 212 1117; x_wconf 66' lang='grc'><strong>’</strong></span> <span class='ocrx_word' id='word_1_28' title='bbox 255 1122 318 1189; x_wconf 92' lang='lat' dir='ltr'>lem</span> <span class='ocrx_word' id='word_1_29' title='bbox 335 1121 450 1211; x_wconf 89' lang='lat' dir='ltr'>itaque</span> <span class='ocrx_word' id='word_1_30' title='bbox 472 1121 572 1210; x_wconf 87' lang='lat' dir='ltr'>paulo</span> <span class='ocrx_word' id='word_1_31' title='bbox 597 1120 708 1189; x_wconf 86' lang='lat' dir='ltr'>minus</span> <span class='ocrx_word' id='word_1_32' title='bbox 730 1119 942 1209; x_wconf 83' lang='lat' dir='ltr'>ingeniosum</span> <span class='ocrx_word' id='word_1_33' title='bbox 969 1126 1002 1188; x_wconf 88' lang='lat' dir='ltr'>et</span> <span class='ocrx_word' id='word_1_34' title='bbox 1029 1118 1133 1187; x_wconf 90' lang='lat' dir='ltr'>multo</span> <span class='ocrx_word' id='word_1_35' title='bbox 1159 1118 1334 1186; x_wconf 90' lang='lat' dir='ltr'>hominum</span> 
     </span>
     <span class='ocr_line' id='line_1_7' title="bbox 255 1234 602 1306; baseline -0.003 -3"><span class='ocrx_word' id='word_1_36' title='bbox 255 1234 602 1306; x_wconf 83' lang='lat' dir='ltr'>ementioremluisse.</span> 
     </span>
    </p>
   </div>
   <div class='ocr_carea' id='block_1_3' title="bbox 678 1584 1024 1731">
    <p class='ocr_par' dir='ltr' id='par_1_3' title="bbox 678 1584 1024 1731">
     <span class='ocr_line' id='line_1_8' title="bbox 678 1584 1024 1731; baseline -0.012 0"><span class='ocrx_word' id='word_1_37' title='bbox 678 1644 914 1731; x_wconf 78' lang='grc'><strong>11111111.</strong></span> <span class='ocrx_word' id='word_1_38' title='bbox 1020 1584 1024 1593; x_wconf 13' lang='grc' dir='ltr'><strong>Χ</strong></span> 
     </span>
    </p>
   </div>
   <div class='ocr_carea' id='block_1_4' title="bbox 301 1848 1326 2020">
    <p class='ocr_par' dir='ltr' id='par_1_4' title="bbox 301 1848 1326 2020">
     <span class='ocr_line' id='line_1_9' title="bbox 301 1848 1326 1924; baseline -0.004 -13"><span class='ocrx_word' id='word_1_39' title='bbox 301 1854 483 1924; x_wconf 88' lang='lat' dir='ltr'><strong>Quomodo</strong></span> <span class='ocrx_word' id='word_1_40' title='bbox 506 1853 543 1910; x_wconf 86' lang='lat' dir='ltr'>tn</span> <span class='ocrx_word' id='word_1_41' title='bbox 565 1866 688 1910; x_wconf 82' lang='lat' dir='ltr'>rerum</span> <span class='ocrx_word' id='word_1_42' title='bbox 711 1850 945 1922; x_wconf 83' lang='lat' dir='ltr'>dispositione</span> <span class='ocrx_word' id='word_1_43' title='bbox 968 1848 1123 1908; x_wconf 85' lang='lat' dir='ltr'>comicos</span> <span class='ocrx_word' id='word_1_44' title='bbox 1147 1849 1294 1909; x_wconf 84' lang='lat' dir='ltr'>secutus</span> <span class='ocrx_word' id='word_1_45' title='bbox 1323 1894 1326 1898; x_wconf 40' lang='lat'>&lt;</span> 
     </span>
     <span class='ocr_line' id='line_1_10' title="bbox 407 1952 961 2020; baseline 0 -1"><span class='ocrx_word' id='word_1_46' title='bbox 407 1952 415 1963; x_wconf 89' lang='lat'>&#39;</span> <span class='ocrx_word' id='word_1_47' title='bbox 634 1960 745 2020; x_wconf 79' lang='lat' dir='ltr'>fuerit</span> <span class='ocrx_word' id='word_1_48' title='bbox 768 1960 961 2019; x_wconf 80' lang='lat' dir='ltr'>Lucienus.</span> 
     </span>
    </p>
   </div>
   <div class='ocr_carea' id='block_1_5' title="bbox 260 2306 1448 3336">
    <p class='ocr_par' dir='ltr' id='par_1_5' title="bbox 260 2306 1448 3336">
     <span class='ocr_line' id='line_1_11' title="bbox 303 2306 1448 2420; baseline -0.003 -19"><span class='ocrx_word' id='word_1_49' title='bbox 303 2336 373 2401; x_wconf 91' lang='lat' dir='ltr'>Non</span> <span class='ocrx_word' id='word_1_50' title='bbox 396 2332 504 2401; x_wconf 91' lang='lat' dir='ltr'>solum</span> <span class='ocrx_word' id='word_1_51' title='bbox 532 2330 647 2401; x_wconf 90' lang='lat' dir='ltr'>eadem</span> <span class='ocrx_word' id='word_1_52' title='bbox 672 2350 746 2420; x_wconf 87' lang='lat' dir='ltr'>quae</span> <span class='ocrx_word' id='word_1_53' title='bbox 771 2330 900 2412; x_wconf 90' lang='lat' dir='ltr'>comici,</span> <span class='ocrx_word' id='word_1_54' title='bbox 928 2330 1105 2401; x_wconf 90' lang='lat' dir='ltr'>sedetiam</span> <span class='ocrx_word' id='word_1_55' title='bbox 1133 2329 1252 2400; x_wconf 89' lang='lat' dir='ltr'>eodem</span> <span class='ocrx_word' id='word_1_56' title='bbox 1270 2329 1338 2398; x_wconf 88' lang='lat' dir='ltr'>lere</span> <span class='ocrx_word' id='word_1_57' title='bbox 1444 2306 1448 2318; x_wconf 52' lang='lat'><strong><em>¹</em></strong></span> 
     </span>
     <span class='ocr_line' id='line_1_12' title="bbox 260 2446 1339 2537; baseline -0.002 -22"><span class='ocrx_word' id='word_1_58' title='bbox 260 2449 356 2517; x_wconf 93' lang='lat' dir='ltr'>modo</span> <span class='ocrx_word' id='word_1_59' title='bbox 369 2448 452 2517; x_wconf 84' lang='lat' dir='ltr'>dixit</span> <span class='ocrx_word' id='word_1_60' title='bbox 466 2448 630 2517; x_wconf 78' lang='lat' dir='ltr'>Lucienus</span> <span class='ocrx_word' id='word_1_61' title='bbox 644 2467 812 2537; x_wconf 85' lang='lat' dir='ltr'>operaque</span> <span class='ocrx_word' id='word_1_62' title='bbox 825 2448 859 2515; x_wconf 91' lang='lat' dir='ltr'>in</span> <span class='ocrx_word' id='word_1_63' title='bbox 872 2448 1022 2517; x_wconf 86' lang='lat' dir='ltr'>eamdem</span> <span class='ocrx_word' id='word_1_64' title='bbox 1036 2447 1174 2516; x_wconf 87' lang='lat' dir='ltr'>sormam</span> <span class='ocrx_word' id='word_1_65' title='bbox 1189 2446 1339 2516; x_wconf 89' lang='lat' dir='ltr'>includit.</span> 
     </span>
     <span class='ocr_line' id='line_1_13' title="bbox 260 2541 1342 2652; baseline -0.001 -23"><span class='ocrx_word' id='word_1_66' title='bbox 260 2566 298 2632; x_wconf 89' lang='lat' dir='ltr'>Ut</span> <span class='ocrx_word' id='word_1_67' title='bbox 314 2571 452 2631; x_wconf 89' lang='lat' dir='ltr'>caeteros</span> <span class='ocrx_word' id='word_1_68' title='bbox 467 2562 618 2631; x_wconf 89' lang='lat' dir='ltr'>omittam</span> <span class='ocrx_word' id='word_1_69' title='bbox 636 2562 792 2642; x_wconf 90' lang='lat' dir='ltr'>comicos,</span> <span class='ocrx_word' id='word_1_70' title='bbox 810 2581 910 2631; x_wconf 91' lang='lat' dir='ltr'>nemo</span> <span class='ocrx_word' id='word_1_71' title='bbox 935 2562 1064 2652; x_wconf 81' lang='lat' dir='ltr'>ignoret</span> <span class='ocrx_word' id='word_1_72' title='bbox 1089 2541 1342 2649; x_wconf 74' lang='lat' dir='ltr'>Aristophanem</span> 
     </span>
     <span class='ocr_line' id='line_1_14' title="bbox 261 2675 1341 2767; baseline 0.001 -24"><span class='ocrx_word' id='word_1_73' title='bbox 261 2676 291 2743; x_wconf 91' lang='lat' dir='ltr'>in</span> <span class='ocrx_word' id='word_1_74' title='bbox 309 2676 550 2767; x_wconf 79' lang='lat' dir='ltr'>componendis</span> <span class='ocrx_word' id='word_1_75' title='bbox 564 2675 683 2745; x_wconf 84' lang='lat' dir='ltr'>sabulis</span> <span class='ocrx_word' id='word_1_76' title='bbox 694 2677 846 2756; x_wconf 89' lang='lat' dir='ltr'>ironiam,</span> <span class='ocrx_word' id='word_1_77' title='bbox 864 2676 1054 2766; x_wconf 81' lang='lat' dir='ltr'>allegoriam</span> <span class='ocrx_word' id='word_1_78' title='bbox 1068 2684 1100 2745; x_wconf 91' lang='lat' dir='ltr'>et</span> <span class='ocrx_word' id='word_1_79' title='bbox 1112 2675 1341 2746; x_wconf 85' lang='lat' dir='ltr'>incredibilem</span> 
     </span>
     <span class='ocr_line' id='line_1_15' title="bbox 260 2788 1343 2879; baseline -0.002 -21"><span class='ocrx_word' id='word_1_80' title='bbox 260 2790 437 2879; x_wconf 88' lang='lat' dir='ltr'>quemdem</span> <span class='ocrx_word' id='word_1_81' title='bbox 457 2789 580 2879; x_wconf 81' lang='lat' dir='ltr'>ingenii</span> <span class='ocrx_word' id='word_1_82' title='bbox 604 2788 775 2857; x_wconf 86' lang='lat' dir='ltr'>audaciam</span> <span class='ocrx_word' id='word_1_83' title='bbox 796 2788 1003 2857; x_wconf 81' lang='lat' dir='ltr'>adhibuisse.</span> <span class='ocrx_word' id='word_1_84' title='bbox 1023 2789 1142 2857; x_wconf 89' lang='lat' dir='ltr'>Vultne</span> <span class='ocrx_word' id='word_1_85' title='bbox 1164 2789 1343 2858; x_wconf 88' lang='lat' dir='ltr'>ostendere</span> 
     </span>
     <span class='ocr_line' id='line_1_16' title="bbox 260 2900 1345 2994; baseline -0.003 -21"><span class='ocrx_word' id='word_1_86' title='bbox 260 2913 383 2994; x_wconf 89' lang='lat' dir='ltr'>quanto</span> <span class='ocrx_word' id='word_1_87' title='bbox 398 2909 591 2992; x_wconf 88' lang='lat' dir='ltr'>contemptu</span> <span class='ocrx_word' id='word_1_88' title='bbox 611 2902 700 2991; x_wconf 82' lang='lat' dir='ltr'>digni</span> <span class='ocrx_word' id='word_1_89' title='bbox 717 2903 784 2970; x_wconf 89' lang='lat' dir='ltr'>sint</span> <span class='ocrx_word' id='word_1_90' title='bbox 796 2900 993 2991; x_wconf 83' lang='lat' dir='ltr'>plebicoleet</span> <span class='ocrx_word' id='word_1_91' title='bbox 1008 2905 1046 2968; x_wconf 93' lang='lat' dir='ltr'>ln</span> <span class='ocrx_word' id='word_1_92' title='bbox 1064 2920 1196 2971; x_wconf 85' lang='lat' dir='ltr'>scenam</span> <span class='ocrx_word' id='word_1_93' title='bbox 1216 2900 1345 2992; x_wconf 90' lang='lat' dir='ltr'>inducit</span> 
     </span>
     <span class='ocr_line' id='line_1_17' title="bbox 260 3014 1344 3108; baseline -0.002 -23"><span class='ocrx_word' id='word_1_94' title='bbox 260 3016 460 3087; x_wconf 88' lang='lat' dir='ltr'>botularium</span> <span class='ocrx_word' id='word_1_95' title='bbox 482 3018 660 3108; x_wconf 89' lang='lat' dir='ltr'>quemdem</span> <span class='ocrx_word' id='word_1_96' title='bbox 678 3018 734 3106; x_wconf 87' lang='lat' dir='ltr'>qui</span> <span class='ocrx_word' id='word_1_97' title='bbox 750 3016 865 3086; x_wconf 84' lang='lat' dir='ltr'>Cleoni</span> <span class='ocrx_word' id='word_1_98' title='bbox 881 3016 1098 3106; x_wconf 83' lang='lat' dir='ltr'>praeponitur,</span> <span class='ocrx_word' id='word_1_99' title='bbox 1113 3036 1150 3085; x_wconf 90' lang='lat' dir='ltr'>ec</span> <span class='ocrx_word' id='word_1_100' title='bbox 1165 3014 1344 3105; x_wconf 86' lang='lat' dir='ltr'>praeficitur</span> 
     </span>
     <span class='ocr_line' id='line_1_18' title="bbox 261 3129 1341 3221; baseline -0.003 -21"><span class='ocrx_word' id='word_1_101' title='bbox 261 3131 382 3200; x_wconf 85' lang='lat' dir='ltr'>civitati</span> <span class='ocrx_word' id='word_1_102' title='bbox 397 3132 522 3199; x_wconf 89' lang='lat' dir='ltr'>nollem</span> <span class='ocrx_word' id='word_1_103' title='bbox 545 3130 642 3199; x_wconf 87' lang='lat' dir='ltr'>aliem</span> <span class='ocrx_word' id='word_1_104' title='bbox 663 3136 706 3200; x_wconf 90' lang='lat' dir='ltr'>ob</span> <span class='ocrx_word' id='word_1_105' title='bbox 735 3150 869 3199; x_wconf 80' lang='lat' dir='ltr'>oensem</span> <span class='ocrx_word' id='word_1_106' title='bbox 889 3131 952 3200; x_wconf 91' lang='lat' dir='ltr'>nisi</span> <span class='ocrx_word' id='word_1_107' title='bbox 978 3130 1067 3221; x_wconf 89' lang='lat' dir='ltr'>quod</span> <span class='ocrx_word' id='word_1_108' title='bbox 1089 3130 1202 3198; x_wconf 88' lang='lat' dir='ltr'>infime</span> <span class='ocrx_word' id='word_1_109' title='bbox 1225 3129 1341 3220; x_wconf 86' lang='lat' dir='ltr'>plebe,</span> 
     </span>
     <span class='ocr_line' id='line_1_19' title="bbox 261 3244 1344 3336; baseline -0.002 -22"><span class='ocrx_word' id='word_1_110' title='bbox 261 3247 500 3336; x_wconf 83' lang='lat' dir='ltr'>ignobilissimo</span> <span class='ocrx_word' id='word_1_111' title='bbox 523 3247 596 3316; x_wconf 92' lang='lat' dir='ltr'>loco</span> <span class='ocrx_word' id='word_1_112' title='bbox 623 3245 802 3326; x_wconf 89' lang='lat' dir='ltr'>oriundus,</span> <span class='ocrx_word' id='word_1_113' title='bbox 826 3246 878 3314; x_wconf 85' lang='lat' dir='ltr'>vix</span> <span class='ocrx_word' id='word_1_114' title='bbox 903 3246 1013 3335; x_wconf 80' lang='lat' dir='ltr'>legere</span> <span class='ocrx_word' id='word_1_115' title='bbox 1042 3244 1075 3313; x_wconf 85' lang='lat' dir='ltr'>el</span> <span class='ocrx_word' id='word_1_116' title='bbox 1100 3245 1185 3314; x_wconf 90' lang='lat' dir='ltr'>mele</span> <span class='ocrx_word' id='word_1_117' title='bbox 1208 3244 1344 3333; x_wconf 87' lang='lat' dir='ltr'>quidem</span> 
     </span>
    </p>
   </div>
   <div class='ocr_carea' id='block_1_6' title="bbox 166 3359 1382 4132">
    <p class='ocr_par' dir='ltr' id='par_1_6' title="bbox 166 3359 1382 4132">
     <span class='ocr_line' id='line_1_20' title="bbox 261 3359 1346 3456; baseline -0.002 -28"><span class='ocrx_word' id='word_1_118' title='bbox 261 3359 322 3429; x_wconf 89' lang='lat' dir='ltr'>scit</span> <span class='ocrx_word' id='word_1_119' title='bbox 338 3361 460 3450; x_wconf 78' lang='lat' dir='ltr'>legere,</span> <span class='ocrx_word' id='word_1_120' title='bbox 480 3368 512 3428; x_wconf 93' lang='lat' dir='ltr'>et</span> <span class='ocrx_word' id='word_1_121' title='bbox 535 3379 602 3429; x_wconf 90' lang='lat' dir='ltr'>uno</span> <span class='ocrx_word' id='word_1_122' title='bbox 620 3360 721 3456; x_wconf 88' lang='lat' dir='ltr'>verbe</span> <span class='ocrx_word' id='word_1_123' title='bbox 742 3360 893 3430; x_wconf 91' lang='lat' dir='ltr'>omnium</span> <span class='ocrx_word' id='word_1_124' title='bbox 922 3359 1203 3449; x_wconf 90' lang='lat' dir='ltr'>imperitissimus,</span> <span class='ocrx_word' id='word_1_125' title='bbox 1233 3360 1346 3448; x_wconf 89' lang='lat' dir='ltr'>impu-</span> 
     </span>
     <span class='ocr_line' id='line_1_21' title="bbox 263 3455 1347 3565; baseline 0.001 -24"><span class='ocrx_word' id='word_1_126' title='bbox 263 3473 489 3555; x_wconf 87' lang='lat' dir='ltr'>dentissimus,</span> <span class='ocrx_word' id='word_1_127' title='bbox 514 3455 739 3564; x_wconf 84' lang='lat' dir='ltr'>nequissimus</span> <span class='ocrx_word' id='word_1_128' title='bbox 766 3484 854 3545; x_wconf 93' lang='lat' dir='ltr'>recte</span> <span class='ocrx_word' id='word_1_129' title='bbox 890 3474 1072 3543; x_wconf 79' lang='lat' dir='ltr'>existimari</span> <span class='ocrx_word' id='word_1_130' title='bbox 1100 3481 1223 3565; x_wconf 87' lang='lat' dir='ltr'>potest.</span> <span class='ocrx_word' id='word_1_131' title='bbox 1251 3474 1347 3542; x_wconf 89' lang='lat' dir='ltr'>Libet</span> 
     </span>
     <span class='ocr_line' id='line_1_22' title="bbox 166 3574 1344 3676; baseline -0.002 -21"><span class='ocrx_word' id='word_1_132' title='bbox 166 3670 169 3675; x_wconf 21' lang='grc' dir='ltr'>Ι</span> <span class='ocrx_word' id='word_1_133' title='bbox 263 3588 490 3676; x_wconf 82' lang='lat' dir='ltr'>sophistarum</span> <span class='ocrx_word' id='word_1_134' title='bbox 508 3586 724 3657; x_wconf 86' lang='lat' dir='ltr'>subtilitatem</span> <span class='ocrx_word' id='word_1_135' title='bbox 750 3587 911 3658; x_wconf 81' lang='lat' dir='ltr'>irrideret</span> <span class='ocrx_word' id='word_1_136' title='bbox 926 3587 973 3655; x_wconf 85' lang='lat' dir='ltr'>lb</span> <span class='ocrx_word' id='word_1_137' title='bbox 998 3574 1064 3657; x_wconf 86' lang='lat' dir='ltr'>illis</span> <span class='ocrx_word' id='word_1_138' title='bbox 1083 3587 1189 3656; x_wconf 90' lang='lat' dir='ltr'>nubes</span> <span class='ocrx_word' id='word_1_139' title='bbox 1214 3586 1344 3656; x_wconf 88' lang='lat' dir='ltr'>adorari</span> 
     </span>
     <span class='ocr_line' id='line_1_23' title="bbox 264 3687 1344 3792; baseline -0.001 -24"><span class='ocrx_word' id='word_1_140' title='bbox 264 3699 367 3791; x_wconf 84' lang='lat' dir='ltr'>fingit.</span> <span class='ocrx_word' id='word_1_141' title='bbox 387 3703 497 3771; x_wconf 89' lang='lat' dir='ltr'>Placet</span> <span class='ocrx_word' id='word_1_142' title='bbox 513 3719 629 3771; x_wconf 91' lang='lat' dir='ltr'>omnes</span> <span class='ocrx_word' id='word_1_143' title='bbox 649 3703 744 3792; x_wconf 90' lang='lat' dir='ltr'>quasi</span> <span class='ocrx_word' id='word_1_144' title='bbox 764 3701 867 3791; x_wconf 78' lang='lat' dir='ltr'>digito</span> <span class='ocrx_word' id='word_1_145' title='bbox 891 3687 1078 3789; x_wconf 86' lang='lat' dir='ltr'>pertentare</span> <span class='ocrx_word' id='word_1_146' title='bbox 1093 3700 1255 3792; x_wconf 89' lang='lat' dir='ltr'>quidquid</span> <span class='ocrx_word' id='word_1_147' title='bbox 1267 3700 1344 3768; x_wconf 92' lang='lat' dir='ltr'>meli</span> 
     </span>
     <span class='ocr_line' id='line_1_24' title="bbox 265 3811 1382 3906; baseline -0.003 -24"><span class='ocrx_word' id='word_1_148' title='bbox 265 3821 297 3882; x_wconf 92' lang='lat' dir='ltr'>et</span> <span class='ocrx_word' id='word_1_149' title='bbox 320 3815 428 3904; x_wconf 88' lang='lat' dir='ltr'>asperi</span> <span class='ocrx_word' id='word_1_150' title='bbox 454 3815 487 3883; x_wconf 92' lang='lat' dir='ltr'>in</span> <span class='ocrx_word' id='word_1_151' title='bbox 508 3816 676 3906; x_wconf 84' lang='lat' dir='ltr'>judicibus</span> <span class='ocrx_word' id='word_1_152' title='bbox 702 3814 801 3884; x_wconf 78' lang='lat' dir='ltr'>insiti</span> <span class='ocrx_word' id='word_1_153' title='bbox 831 3819 896 3884; x_wconf 86' lang='lat' dir='ltr'>Eos</span> <span class='ocrx_word' id='word_1_154' title='bbox 924 3813 958 3882; x_wconf 91' lang='lat' dir='ltr'>in</span> <span class='ocrx_word' id='word_1_155' title='bbox 989 3819 1171 3902; x_wconf 78' lang='lat' dir='ltr'>vesperum</span> <span class='ocrx_word' id='word_1_156' title='bbox 1205 3811 1345 3884; x_wconf 84' lang='lat' dir='ltr'>formem</span> <span class='ocrx_word' id='word_1_157' title='bbox 1378 3858 1382 3864; x_wconf 88' lang='lat'><em>-</em></span> 
     </span>
     <span class='ocr_line' id='line_1_25' title="bbox 194 3925 1344 4010; baseline 0 -17"><span class='ocrx_word' id='word_1_158' title='bbox 194 3993 197 4001; x_wconf 85' lang='grc'><strong>,</strong></span> <span class='ocrx_word' id='word_1_159' title='bbox 265 3925 381 3995; x_wconf 89' lang='lat' dir='ltr'>induit.</span> <span class='ocrx_word' id='word_1_160' title='bbox 406 3928 562 3998; x_wconf 84' lang='lat' dir='ltr'>Eemdem</span> <span class='ocrx_word' id='word_1_161' title='bbox 585 3929 652 3998; x_wconf 90' lang='lat' dir='ltr'>lere</span> <span class='ocrx_word' id='word_1_162' title='bbox 674 3929 761 3997; x_wconf 88' lang='lat' dir='ltr'>viem</span> <span class='ocrx_word' id='word_1_163' title='bbox 785 3928 909 3997; x_wconf 91' lang='lat' dir='ltr'>insistit</span> <span class='ocrx_word' id='word_1_164' title='bbox 935 3929 1110 3997; x_wconf 85' lang='lat' dir='ltr'>Lucienus.</span> <span class='ocrx_word' id='word_1_165' title='bbox 1140 3927 1226 4010; x_wconf 82' lang='lat' dir='ltr'>outo</span> <span class='ocrx_word' id='word_1_166' title='bbox 1255 3927 1344 3996; x_wconf 93' lang='lat' dir='ltr'>enim</span> 
     </span>
     <span class='ocr_line' id='line_1_26' title="bbox 265 4038 1345 4132; baseline 0.001 -27"><span class='ocrx_word' id='word_1_167' title='bbox 265 4040 449 4110; x_wconf 88' lang='lat' dir='ltr'>mordacius</span> <span class='ocrx_word' id='word_1_168' title='bbox 470 4042 634 4111; x_wconf 86' lang='lat' dir='ltr'>ironicum</span> <span class='ocrx_word' id='word_1_169' title='bbox 662 4042 839 4132; x_wconf 81' lang='lat' dir='ltr'>excogitari</span> <span class='ocrx_word' id='word_1_170' title='bbox 870 4050 982 4131; x_wconf 91' lang='lat' dir='ltr'>petest</span> <span class='ocrx_word' id='word_1_171' title='bbox 1001 4060 1100 4132; x_wconf 89' lang='lat' dir='ltr'>quem</span> <span class='ocrx_word' id='word_1_172' title='bbox 1131 4040 1262 4110; x_wconf 90' lang='lat' dir='ltr'>libellos</span> <span class='ocrx_word' id='word_1_173' title='bbox 1285 4038 1345 4109; x_wconf 90' lang='lat' dir='ltr'>ubi</span> 
     </span>
    </p>
   </div>
   <div class='ocr_carea' id='block_1_7' title="bbox 258 4202 510 4299">
    <p class='ocr_par' dir='ltr' id='par_1_7' title="bbox 258 4202 510 4299">
     <span class='ocr_line' id='line_1_27' title="bbox 258 4202 510 4299; baseline 0 -16"><span class='ocrx_word' id='word_1_174' title='bbox 258 4293 267 4299; x_wconf 42' lang='grc'><strong><em>,</em></strong></span> <span class='ocrx_word' id='word_1_175' title='bbox 302 4202 383 4293; x_wconf 74' lang='lat' dir='ltr'>(Illic</span> <span class='ocrx_word' id='word_1_176' title='bbox 398 4234 510 4285; x_wconf 78' lang='lat' dir='ltr'>sacrific.</span> 
     </span>
    </p>
   </div>
   <div class='ocr_carea' id='block_1_8' title="bbox 0 0 1737 5167">
    <p class='ocr_par' dir='ltr' id='par_1_8' title="bbox 0 0 1737 5167">
     <span class='ocr_line' id='line_1_28' title="bbox 0 0 1737 5167; baseline 0 0"><span class='ocrx_word' id='word_1_177' title='bbox 0 0 1737 5167; x_wconf 95' lang='lat' dir='ltr'> </span> 
     </span>
    </p>
   </div>
  </div>
 </body>
</html>
