3425 5167
775 529 994 619 -ar-'

314 695 425 762 minus
439 712 459 760 a
473 690 641 762 communi
656 710 755 762 sensu
771 710 871 782 quam
885 689 1043 760 aratione
1058 688 1273 760 abhorrentia
1287 688 1390 760 effun-

312 807 382 877 dat.
403 807 468 879 Sed
485 806 619 897 Epicuri
631 806 782 898 sequitur
801 804 1003 897 exemplum,
1021 805 1073 875 cui
1091 805 1118 875 si
1139 804 1296 886 creditur,

442 1002 490 1049 Nec
503 1000 582 1056 nimio
595 1000 753 1078 solisumajor
768 1006 822 1049 rota
837 1013 883 1049 nec
896 1000 980 1049 minor
996 1000 1072 1049 ardor

437 1093 497 1142 Esse
512 1098 603 1155 potest,
619 1092 711 1141 nostris
724 1106 801 1155 quam
817 1088 937 1141 sensibus
954 1103 1008 1139 esso
1023 1087 1185 1155 videtur(1)3

316 1237 467 1327 sequitur
489 1255 635 1327 quoque,
654 1257 754 1328 quum
780 1256 853 1340 eam
870 1213 1089 1327 philosophia
1110 1244 1236 1329 partem
1259 1255 1334 1329 quae
1348 1236 1390 1314 ad

317 1372 427 1423 mores
448 1353 609 1443 pertinet,
625 1353 724 1424 unice
744 1353 864 1444 diligit,
883 1373 986 1444 quum
1004 1372 1040 1425 se
1052 1354 1206 1428 ,veritatis
1225 1362 1390 1426 amantem

320 1465 392 1540 esse
406 1468 591 1558 profitetur,
609 1467 780 1550 mendacio
794 1466 995 1558 inexpiabile
1017 1466 1142 1540 bellurn
1158 1445 1288 1553 indicit3
1310 1467 1391 1540 illud
1418 1463 1420 1469 ’

319 1592 428 1653 tamen
449 1581 550 1652 habet
568 1582 706 1654 fortasse
726 1579 896 1673 proprium
922 1584 1013 1675 quod
1033 1586 1109 1676 plus
1130 1586 1230 1656 etiam
1253 1585 1392 1657 menda-

320 1699 407 1767 cium
421 1699 491 1768 odit
505 1718 604 1789 quam
616 1699 789 1770 veritatem
804 1707 903 1768 amat.
920 1706 984 1769 Cur
996 1699 1084 1770 enim
1095 1710 1162 1771 tam
1177 1701 1305 1787 acriter,
1325 1710 1392 1775 tam

320 1833 408 1904 smpe
436 1814 549 1906 epicos
565 1822 681 1904 poetas
700 1817 899 1888 insectaturi
925 1818 1009 1900 Quia
1031 1816 1183 1889 sabulosa
1205 1818 1247 1890 de
1270 1819 1337 1890 Diis
1360 1828 1394 1891 et

319 1928 438 1999 inieris
465 1936 611 2000 narrant.
636 1935 700 2000 dur
728 1939 901 2023 tantopere
922 1932 1141 2023 philosophos
1158 1931 1294 2006 illudit?
1309 1934 1394 2017 Quia

321 2044 608 2136 impudentissime
640 2038 861 2129 mentiuntur,
886 2046 982 2117 dictis
1006 2047 1121 2138 probi,
1139 2048 1232 2119 lactis
1252 2048 1394 2142 improbi

318 2160 539 2251 reperiuntur,
560 2160 594 2229 in
606 2159 747 2250 publico
767 2160 897 2230 virtutis
912 2180 1088 2252 personam
1107 2162 1316 2258 induunt!
1335 2182 1394 2236 se-

322 2285 411 2348 creto
426 2278 608 2368 deponunt.
625 2281 689 2348 Gur
700 2277 842 2378 diuitias,
865 2278 1021 2361 honores
1038 2278 1177 2370 gloriam
1191 2280 1396 2353 insectaturi

320 2395 404 2478 Quia
418 2413 529 2464 veram
544 2393 752 2484 promittuut,
769 2392 885 2463 lalsam
901 2401 1059 2484 praestant
1072 2392 1279 2467 felicitatem:

365 2508 521 2579 llamdem
540 2508 608 2578 lere
629 2509 811 2580 novitatem
836 2512 870 2579 in
895 2510 1028 2581 Luciani
1060 2510 1210 2580 oratione
1236 2521 1336 2603 quam
1362 2509 1396 2580 in

325 2624 423 2695 rebus
437 2622 584 2694 invenies
602 2646 609 2692 :
626 2642 747 2715 nempe
762 2623 815 2700 hic
826 2624 1188 2715 quoquephilosoplriae
1199 2625 1397 2700 comoediam

328 2740 488 2832 copulavit
506 2765 513 2810 :
531 2759 550 2809 a
566 2740 701 2809 comicis
716 2738 894 2830 dependet,
910 2738 999 2830 quod
1017 2738 1154 2811 ridicule
1170 2742 1395 2834 elingeniose;

325 2856 584 2948 aphilosophis
616 2856 706 2947 quod
734 2856 889 2945 epicuree
920 2853 1013 2925 dicit
1047 2855 1210 2927 Luciacus
1244 2858 1398 2948 epicuree

326 2971 416 3043 dicitl
438 2970 529 3041 Multi
543 2970 615 3040 sine
628 2970 729 3041 dubio
744 2968 959 3040 vehementer
976 2970 1222 3059 repugnabunt,
1238 2954 1397 3063 quoniam

324 3107 385 3159 nec
402 3087 607 3158 existimator
619 3105 681 3156 nec
691 3084 832 3176 scriptor
842 3081 951 3153 bonus
963 3083 1123 3175 Epicurus
1135 3084 1232 3175 vulgo
1247 3085 1396 3159 habetur.

324 3201 538 3293 Respondere
552 3219 686 3292 possem
699 3200 792 3272 illum
809 3199 955 3270 nominis
970 3199 1106 3271 inlamia
1119 3199 1259 3274 fortasse
1270 3204 1397 3294 premi:

299 3298 301 3304 ⁵
327 3319 500 3389 laudamus
518 3318 689 3389 Horatium
710 3316 877 3387 dicentem
898 3339 905 3385 :

489 3485 622 3550 Verbaque
636 3484 765 3548 provisam
778 3499 831 3535 rom
844 3498 896 3534 uun
911 3484 991 3534 invita
1005 3492 1153 3548 sequentum

329 3655 500 3723 laudamus
520 3655 663 3725 Boloeum
683 3654 808 3724 Horatii
833 3653 922 3724 dicta
938 3655 979 3725 ad
998 3655 1133 3726 verbum
1167 3656 1235 3725 lere
1262 3676 1402 3760 eonver-

330 3778 454 3839 tentem
466 3793 473 3837 :

510 3940 543 3989 Ge
557 3952 606 4003 que
618 3938 669 3988 l’on
684 3940 783 3998 coucoit
798 3938 859 3989 bien
873 3939 990 3989 s'tnonce
1004 3929 1161 3998 claire'ment,

509 4034 538 4081 m
550 4033 586 4083 lus
597 4041 663 4083 mols
675 4047 740 4097 pour
751 4033 774 4082 le
785 4031 840 4082 dire
854 4033 965 4083 arrivent
979 4032 1112 4084 aisement.

366 4287 400 4351 ll)
413 4288 509 4336 lucret.
525 4285 554 4338 V.
571 4288 626 4336 566.
