3425 5167
775 539 937 599 ,ῃ-

318 670 473 741 turbant:
502 669 609 739 de‘se
638 678 748 739 actum
781 688 854 737 esse
885 668 1027 738 clament
1054 670 1117 737 nisi
1144 679 1257 739 aestate
1290 672 1398 740 nivern

317 784 596 873 bibant,’hyeme
623 803 733 852 rosam
753 783 953 863 odorentur,
983 783 1014 851 in
1041 785 1136 852 ltalia
1155 785 1315 854 Numidiae
1343 799 1399 856 aut

315 895 470 965 Phasidis
485 913 562 964 aves
583 894 770 976 comedant.
795 897 957 974 Quantam
977 904 1088 964 antem
1111 897 1398 985 importunitatem

316 1021 349 1083 et
384 1010 663 1081 inhumanitatem
695 1009 853 1078 adversus
882 1027 1046 1100 pauperes
1075 1009 1248 1078 adhibentl
1275 1011 1399 1079 Malunt

315 1127 484 1217 corrumpi
499 1125 713 1207 frumentum,
728 1125 825 1193 tineis
842 1133 950 1192 vestes
964 1123 1034 1193 rodi
1047 1144 1148 1213 quam
1163 1124 1276 1213 egenis
1294 1124 1372 1193 dare
1387 1147 1394 1191 :

314 1263 387 1313 raro
400 1244 523 1333 inopes
534 1241 575 1310 ad
589 1259 719 1311 omnam
733 1240 883 1314 invitant,
903 1245 935 1307 ot
951 1240 1133 1308 etiamtum
1148 1239 1292 1328 superbe
1307 1247 1340 1308 et
1352 1238 1398 1308 in-

317 1358 413 1447 digne
427 1364 581 1449 tractant,
596 1355 675 1424 dum
689 1354 770 1422 nihil
784 1355 848 1423 illis
862 1354 925 1422 nisi
938 1372 1023 1432 ossa,
1037 1354 1204 1443 reliquias,
1219 1362 1252 1424 et
1266 1354 1396 1424 acidum

271 1463 274 1470 ’
315 1476 427 1543 vinum
445 1471 685 1562 apponendum
703 1480 829 1540 curant.
852 1471 936 1552 Quid
953 1490 1029 1560 ergo
1050 1472 1170 1540 mirum
1190 1471 1217 1539 si
1234 1471 1396 1541 Lucianus

316 1593 346 1661 in
362 1611 466 1681 quem
481 1607 547 1657 non
563 1608 652 1678 saepe
667 1589 753 1659 cedit
767 1590 968 1679 eloquentia,
988 1589 1185 1677 eloquenter
1195 1589 1333 1658 divitum
1345 1591 1397 1658 in-

316 1708 491 1778 solentiam
516 1708 678 1795 exagilat‘l
706 1706 783 1775 lacit
806 1705 987 1794 indignatio
1009 1699 1246 1794 eloquentiam.
1265 1710 1395 1794 Paupe-

315 1826 404 1895 ribus
422 1843 561 1914 quoque
581 1831 614 1892 ol
633 1824 752 1890 merito
769 1821 904 1911 quidem
925 1830 1110 1889 succenset.
1132 1825 1194 1889 Cur
1212 1821 1301 1888 enim
1319 1829 1395 1889 lan-

317 1949 430 2031 topere
450 1938 590 2007 diuitum
610 1938 744 2017 domos,
766 1937 877 2016 villas,
901 1935 1065 2023 argenteis
1083 1934 1225 2023 pedihus
1248 1954 1392 2015 mensas,

315 2063 436 2132 uestes,
449 2062 635 2145 argentum,
650 2032 779 2132 aurum,
792 2051 896 2140 signa,
909 2050 1037 2119 tabulas
1046 2050 1221 2119 miranturl
1232 2050 1395 2138 Curipsos

315 2168 496 2260 magnificis
516 2167 663 2244 invectos
685 2167 864 2256 quadrigis,
888 2186 1007 2254 magna
1026 2166 1194 2235 clientium
1220 2166 1317 2235 turba
1337 2168 1395 2235 sli-

316 2291 410 2372 patos
428 2282 610 2372 inspiciunt
624 2290 657 2351 et
674 2281 758 2349 sicut
772 2286 858 2350 Deos
873 2284 1092 2349 venerantur?
1121 2286 1198 2350 Haeo
1215 2290 1265 2349 est
1282 2302 1392 2363 causa,

317 2417 425 2488 neque
439 2396 515 2474 alia,
533 2416 590 2466 cur
611 2395 728 2464 divites
744 2415 780 2464 se
796 2395 1022 2465 conditionem
1037 2395 1217 2464 humanam
1234 2397 1395 2466 excedere

317 2503 528 2581 arbitrentur.
551 2510 645 2591 Quod
667 2509 694 2578 sl
719 2509 836 2578 saltem
854 2509 963 2578 solum
985 2509 1025 2577 ab
1053 2509 1281 2599 imperitorum
1299 2510 1394 2599 vulgo

316 2628 591 2717 indoctorumque
605 2628 651 2697 ita
663 2628 850 2695 colerentur
864 2635 896 2695 et
909 2626 1174 2706 observarentur,
1190 2645 1258 2695 non
1270 2637 1394 2696 tantam
1425 2690 1429 2694 .

316 2744 454 2814 fortasse
473 2744 703 2832 arrogantiam,
728 2763 794 2811 non
816 2751 925 2812 tantos
946 2743 1048 2812 laslns
1068 2743 1286 2832 susciperent.
1304 2747 1396 2811 llnrlc

317 2870 427 2930 aulem
445 2860 598 2929 homines
614 2861 717 2939 docti,
747 2859 971 2947 omnibusque
996 2858 1188 2928 liberalibus
1206 2858 1323 2927 studiis
1340 2880 1394 2926 or-

319 2976 395 3054 nali,
411 2981 520 3063 poetar
537 2974 667 3062 ipsiquo
687 2972 875 3061 philosophi
895 2973 974 3061 (quo
997 2971 1076 3061 qnid
1094 2972 1221 3060 turpius
1237 2970 1395 3038 intolera-

316 3088 482 3177 biliusque
508 3088 684 3175 excogitari
714 3087 856 3176 potestlsr
890 3088 929 3154 ad
955 3086 1174 3155 humillimam
1203 3085 1393 3154 servitutem
1489 3095 1497 3103 ·

317 3203 673 3293 flagitiosissimamque
691 3202 916 3271 adulationem
934 3202 1152 3271 descendunt.
1169 3206 1260 3271 Claro
1283 3211 1315 3270 et
1339 3222 1396 3269 re-

316 3320 491 3388 hementer
521 3318 679 3388 describit
706 3318 870 3387 Lucienus
897 3318 1039 3406 primurn
1074 3339 1175 3408 quam
1203 3317 1336 3388 difficile
1362 3320 1395 3387 ln

317 3434 456 3504 divitum
474 3434 610 3505 domum
630 3436 844 3524 accipientur,
865 3452 964 3522 quarn
985 3435 1089 3502 multa
1105 3433 1243 3523 abjecte,
1264 3433 1396 3521 indigne

316 3549 421 3619 lacere
435 3557 468 3618 et
481 3549 548 3640 pati
561 3569 696 3619 necesso
709 3550 866 3630 habeant,
883 3557 964 3636 quot
976 3548 1183 3617 contumelia
1198 3548 1395 3617 devorandae
1412 3640 1415 3646 ι

317 3665 397 3747 sint;
414 3665 631 3744 deinde,oum
645 3665 769 3755 accepti
782 3666 915 3745 luerint,
928 3673 1010 3755 qnot
1023 3664 1244 3745 incommoda,
1262 3664 1396 3755 quolla-

317 3778 415 3849 bores
443 3779 598 3849 tolerent.
623 3780 707 3861 Quid
737 3790 847 3848 autern
864 3799 922 3868 pro
943 3778 1109 3859 libertale,
1137 3798 1196 3868 pro
1223 3778 1392 3866 dignitate,

315 3911 375 3979 pro
399 3892 586 3962 valetudine
614 3894 802 3983 accipiunt?
825 3894 1024 3963 Pecuniam‘l
1048 3897 1149 3964 Datur
1176 3891 1310 3982 quidem
1338 3892 1396 3960 sed

317 4004 540 4074 multominus
553 4007 873 4096 quamimpendunt.
893 4006 1036 4075 Gratiam
1054 4015 1087 4075 et
1106 4004 1357 4075 auctoritatem?
1373 4009 1395 4070 h

318 4118 540 4202 saltatoribus
555 4122 687 4203 scurris,
709 4122 865 4212 AEgyptils
882 4120 1176 4211 praestigiatorlhus
1195 4138 1231 4189 se
1244 4118 1396 4187 lacillime

320 4233 468 4319 superari
484 4234 608 4303 vident.
622 4233 655 4302 si
670 4234 778 4303 ridere
795 4234 921 4314 volunt,
938 4233 1157 4323 procacitatis,
1174 4230 1201 4300 si
1219 4228 1295 4299 serii
1308 4250 1393 4310 esse,
