3425 5167
741 566 779 580 ...
801 536 839 596 43
862 566 901 577 .-

282 663 471 737 latissimus
492 665 613 734 coelum
633 665 781 755 reliquit,
804 664 946 734 simodo
965 664 999 733 in
1025 666 1120 734 terris
1135 665 1222 735 bene
1248 685 1360 736 come-

281 777 374 858 dere,
396 780 483 848 hene
502 786 617 868 potare
643 782 764 869 potuit.
791 779 900 848 Potuit
922 786 1034 848 autem
1058 801 1064 847 :
1088 779 1245 850 ridiculus
1270 780 1358 849 enim

279 892 397 963 luisset
415 894 444 962 si
462 912 538 963 cum
553 893 731 963 admodum
744 894 877 984 juvenis
897 903 1022 963 tantam
1049 894 1082 961 in
1102 894 1208 975 lucta,
1235 904 1358 965 tantam

243 1089 245 1093 ι
280 1007 313 1075 in
329 1008 470 1089 musice,
491 1016 617 1077 tantam
638 1009 672 1077 in
687 1009 774 1077 lucto
790 1008 943 1098 peritiam
966 1007 1190 1091 adhibuisset,
1214 1029 1289 1079 cum
1308 1018 1360 1078 tot

281 1131 314 1191 et
332 1131 401 1191 tam
416 1109 524 1191 varias
541 1130 630 1192 artes
653 1123 735 1191 alios
760 1124 910 1206 doceret,
933 1127 1164 1203 llercaturam,
1188 1122 1357 1214 Eloquen-

280 1237 374 1319 tiam,
392 1238 600 1317 Palaestram,
620 1238 817 1320 Vorsutiam,
841 1238 905 1306 sihi
918 1237 980 1306 soli
995 1258 1063 1307 non
1083 1237 1200 1307 luisset
1223 1238 1358 1327 sapiens

281 1362 336 1420 aut
358 1342 495 1442 eaquae
521 1354 680 1423 advitam
705 1356 893 1424 necessaria
913 1362 1007 1434 sunt,
1030 1374 1219 1444 comparare
1240 1355 1359 1444 nequi-

279 1469 390 1540 visset
412 1469 497 1550 Quid
512 1469 664 1559 Jupiter?
684 1475 765 1539 Cum
784 1468 955 1538 divinitate
973 1487 1090 1537 omnes
1107 1486 1218 1547 curas,
1241 1488 1358 1538 omnes

280 1579 519 1650 sollicitudines
535 1580 659 1660 amisit,
681 1600 748 1649 non
763 1580 833 1669 jam
848 1579 953 1648 multa
972 1578 1057 1647 mala
1074 1581 1183 1668 poetis
1199 1587 1232 1649 et
1246 1571 1359 1668 philo-

281 1692 394 1783 sophis
413 1692 613 1782 imprecatus
629 1692 784 1783 estquod
807 1693 896 1762 solos
915 1696 1000 1762 Deos
1017 1711 1090 1761 3333
1106 1691 1219 1761 1311333
1236 1691 1358 1781 praedi-

281 1815 408 1888 carent,
443 1828 509 1877 non
538 1805 607 1897 jam
638 1807 744 1877 doluit
770 1807 860 1898 quod
890 1826 958 1875 uno
992 1807 1178 1897 eodemque
1208 1815 1358 1896 tempore

280 1922 405 2011 ubique
423 1922 557 2003 adesse,
585 1922 697 1990 omnia
718 1922 833 1991 audire
854 1931 1042 2011 cogeretur,
1065 1923 1155 2012 quod
1171 1930 1357 1992 ceterorum

281 2042 422 2107 Deorum
443 2057 544 2127 opera
563 2037 727 2124 inspicere
747 2056 884 2107 neccsse
903 2036 1058 2117 haberet,
1079 2055 1121 2105 ne
1145 2036 1220 2127 quis
1239 2036 1359 2106 romis-

281 2153 350 2219 sius
368 2171 505 2221 munere
524 2151 716 2240 iungeretur
731 2151 783 2239 (l).

324 2244 440 2357 Itaq‘ue
460 2266 603 2357 primum
621 2266 716 2355 wquod
731 2251 818 2335 Deos
837 2284 878 2335 ex
894 2264 1031 2353 Olympo
1047 2263 1168 2355 dejeci,
1191 2267 1272 2335 nihil
1293 2267 1357 2338 illis

280 2372 444 2451 immerito
460 2381 609 2451 accidere
626 2389 780 2478 poterat,
805 2380 930 2449 deinde
953 2381 1043 2471 quod
1068 2382 1228 2452 obsoletis
1251 2384 1359 2453 hono·
1465 2375 1468 2381 ’

281 2497 387 2578 ribus,
419 2517 528 2568 crasso
557 2496 769 2588 pinguedinis
790 2497 891 2571 ¹lumo
922 2515 1030 2585 eoque
1058 2497 1256 2586 jamdudum
1284 2516 1357 2567 raro

280 2615 414 2704 privavi,
429 2635 495 2684 non
514 2615 655 2684 multum
672 2621 853 2704 potuerunt
872 2611 1001 2693 dolere;
1024 2611 1114 2701 quod
1134 2621 1246 2682 autem
1264 2620 1312 2681 tot
1326 2602 1358 2681 et

281 2730 380 2797 tantis
392 2728 553 2799 molestiis
566 2729 712 2808 liberavi,
727 2727 829 2797 laetari
841 2726 935 2795 valde
948 2724 1147 2794 debuerunt.
1160 2726 1233 2795 Noli
1246 2734 1357 2795 autem

281 2844 413 2913 credere
437 2862 490 2912 me
513 2843 596 2912 13133
619 2842 912 2931 commentitiaque
931 2840 1089 2910 adversus
1111 2846 1197 2909 Deos
1221 2842 1359 2909 crimina

279 2959 413 3029 finxisse
431 2969 469 3029 ut
484 2959 581 3049 genio
596 2958 801 3047 indulgerem
816 2965 849 3027 et
867 2975 925 3026 eos
941 2955 1070 3025 13311133
1086 2957 1355 3026 condemnarem.

278 3076 373 3144 tlulla
388 3074 456 3144 lere
475 3075 517 3144 de
536 3094 612 3144 meo
630 3072 772 3164 protuli,
792 3072 897 3141 multa
912 3092 930 3139 a
946 3072 1054 3161 poetis
1071 3079 1104 3141 et
1121 3071 1210 3161 vulgi
1228 3071 1358 3161 opinio·

279 3188 377 3259 nibus
411 3190 555 3277 sumpsi,
585 3188 681 3283 plura
706 3189 846 3257 fortasse
874 3206 1007 3257 sumere
1038 3186 1233 3275 potuissem.
1265 3191 1357 3257 Nune

279 3322 357 3393 ergo
386 3305 540 3383 obsecro,
569 3321 735 3392 numago
763 3321 837 3371 sum
862 3302 1046 3392 culpandus
1072 3303 1099 3371 si
1128 3304 1168 3390 (21
1191 3303 1356 3373 Hesiodus

278 3418 361 3488 lalso
387 3420 474 3487 canit
495 3424 613 3488 lovem
637 3420 739 3508 patris
767 3418 924 3508 pudenda
947 3419 1114 3500 33331333,
1140 3421 1167 3487 31
1192 3423 1357 3490 Homerus

278 3534 879 3603 mentitureumdemcumsororerem
891 3533 1061 3614 habuisse,
1075 3536 1212 3604 Dianam
1219 3536 1357 3603 minima

279 3648 320 3718 de
341 3667 439 3718 eausa
454 3649 569 3717 iratam
588 3648 691 3717 multa
705 3638 938 3739 horrendaque
957 3649 1043 3717 mala
1061 3650 1155 3718 OEnei
1180 3659 1213 3719 et
1230 3649 1357 3719 AEtoliae

278 3760 471 3841 immisisse,
505 3763 635 3853 aliaque
676 3764 755 3832 talia
798 3783 891 3852 quae,
937 3782 1004 3833 non
1045 3761 1152 3836 solum
1185 3763 1254 3832 Diis
1297 3758 1357 3832 sed
1392 3754 1393 3759 ’

279 3876 378 3948 etiam
418 3877 611 3947 hominibus
642 3878 780 3947 multam
811 3877 965 3947 afferrent
1000 3853 1239 3967 ignominiam?
1273 3883 1357 3947 Num

311 4125 347 4191 (1)
363 4126 405 4175 Bis
422 4133 569 4184 aecusatus,
586 4128 611 4175 2.

312 4216 345 4282 (2)
359 4218 394 4266 lle
407 4216 556 4274 sacrificiis,
569 4218 626 4263 1-5.
