3425 5167
845 580 886 595 ...
908 554 946 613 42
967 581 1006 593 ..

387 680 444 771 phi
462 679 505 769 (l)
529 688 643 760 etate,
668 678 789 747 studiis
802 679 1026 763 venerabiles3
1046 699 1130 769 quos
1146 699 1212 748 non
1230 678 1378 778 pudebat
1392 700 1469 750 con-

387 792 668 864 tenderemorbos
679 792 911 880 sympotbict'r
924 793 1079 863 remediis
1091 792 1468 883 curari,Hyperboreum

388 909 568 1000 quemdam
581 908 701 989 volare,
715 927 774 997 per
784 928 888 998 aquas
899 917 932 978 et
945 907 1038 999 ignes
1053 909 1191 999 ingredi,
1209 916 1334 978 statuas
1349 916 1475 999 sponte¹
1553 929 1558 938 ⁴

387 1003 575 1105 ambulare,
598 1024 713 1092 aulam·
732 1021 925 1105 circumire,
958 1022 1103 1113 denique
1126 1024 1159 1092 in
1186 1044 1279 1093 suam
1301 1021 1408 1100 basim
1433 1044 1469 1094 se

359 1186 361 1189 <
388 1157 565 1229 reponere,
585 1141 729 1206 Hecaten
746 1156 822 1205 cum
840 1137 978 1207 canibus
998 1157 1062 1207 non
1080 1158 1154 1208 raro
1173 1123 1299 1218 videri,
1318 1148 1468 1208 mortuos

387 1262 464 1343 post
479 1253 613 1341 triginta
629 1250 700 1319 dies
716 1268 899 1339 resurgere,
922 1252 1116 1341 AEgyptiacis
1132 1251 1283 1321 formulis
1299 1252 1468 1323 daemonas

388 1367 523 1456 expelli,
543 1364 745 1435 carminibus
763 1364 963 1456 quibusdam
981 1367 1117 1456 magicis
1138 1367 1298 1456 pistillum
1321 1377 1378 1437 aut
1397 1387 1469 1437 sco-

386 1486 499 1577 pulam
513 1483 701 1551 ministrum
712 1483 783 1552 fieri
795 1483 852 1572 qui
870 1483 938 1561 veri
951 1482 1096 1552 hominis
1112 1491 1223 1572 partes
1238 1492 1327 1573 agat,
1347 1505 1469 1573 aquam

387 1599 527 1679 hauriat,
545 1597 648 1687 dapes
662 1605 826 1688 coquatet
842 1598 876 1666 in
893 1618 1008 1670 mensa
1022 1605 1177 1688 apponat.
1196 1597 1282 1679 Quid
1297 1598 1388 1688 quod
1404 1621 1468 1668 oon

388 1717 534 1787 contenti
544 1697 736 1786 asseverare
750 1716 823 1784 illas
833 1715 939 1784 aniles
957 1714 1083 1783 tabulas
1095 1733 1189 1782 veras
1207 1733 1299 1796 esse,
1319 1714 1469 1805 indigna·

386 1832 507 1902 bantur
534 1834 562 1901 si
589 1834 664 1920 quis
687 1822 820 1900 credere
842 1831 979 1899 nolebat
1002 1849 1145 1918 eumque
1171 1830 1352 1919 impietatis
1373 1851 1470 1901 accu-

388 1946 506 2016 sabant
526 1946 591 2037 (tlt
1077 2024 1080 2030 ,

431 2067 512 2131 Com
526 2063 572 2131 ita
589 2061 690 2129 animi
709 2060 883 2151 praeparati
900 2068 1029 2141 essent,
1052 2078 1189 2129 necesse
1210 2068 1281 2129 erat
1304 2062 1467 2149 quosdam

388 2178 575 2248 callidiores
595 2185 789 2247 caeterorum
806 2173 1020 2243 stoliditatem
1039 2173 1180 2264 quaestui
1206 2173 1355 2242 habere:
1379 2177 1470 2263 quod

387 2300 457 2361 tum
468 2292 581 2360 multis
593 2275 679 2370 aliis,
695 2297 766 2358 tum
776 2288 972 2371 Alexandro,
986 2288 1068 2358 lalso
1084 2290 1150 2356 rati
1164 2288 1294 2370 accidit,
1316 2289 1372 2379 qul
1388 2289 1469 2358 nihil

375 2412 535 2500 omnine,
554 2429 597 2477 ne
615 2428 742 2478 comam
763 2408 898 2498 quidem
920 2407 978 2499 (3),
994 2428 1106 2477 verum
1125 2408 1284 2492 habebat,
1308 2412 1470 2500 cujusque

387 2525 530 2615 effigiem
546 2531 579 2593 et
595 2523 695 2592 animi
708 2531 745 2591 et
758 2523 906 2605 corporis
923 2524 1019 2594 nobis
1036 2524 1198 2595 Lucienus
1215 2526 1469 2615 diligentissime

387 2640 560 2729 expressit.
581 2645 651 2708 Non
674 2639 808 2729 ingenio
833 2640 964 2710 carebat
984 2640 1189 2711 Alexander:
1211 2622 1469 2732 primum'enim
1516 2690 1519 2696 .

387 2754 540 2824 indoctos
556 2764 589 2823 et
601 2754 740 2823 hebetes
756 2755 856 2844 elegit
871 2754 1024 2823 homines
1041 2757 1129 2844 apud
1144 2776 1230 2845 quos
1245 2756 1323 2826 artis
1338 2758 1470 2846 pericu-

385 2874 454 2941 lum
471 2872 611 2954 iaceret,
635 2880 704 2940 tum
722 2872 957 2942 multismodis
974 2872 1099 2941 litteras
1119 2872 1286 2962 resignare
1300 2874 1469 2963 lectasque
1535 2864 1538 2869 ’

386 2989 495 3058 denuo
510 2989 685 3078 obsignare
700 2988 849 3069 callebat,
868 3007 991 3076 easque
1005 2987 1168 3056 retinebat
1190 3007 1264 3077 quae
1281 2988 1368 3077 apud
1383 2989 1470 3078 prin-

386 3109 491 3198 cipem
513 3107 780 3181 consultantibus
808 3125 928 3174 nocere
948 3112 1101 3193 possent,
1127 3104 1211 3173 dolis
1234 3106 1299 3174 vim
1323 3104 1469 3176 addebat

387 3230 419 3290 et
438 3222 643 3291 atrocissime
662 3221 864 3291 Christianos
881 3219 1127 3310 Epicureosque
1150 3221 1386 3305 insectabatur,
1409 3223 1468 3292 de-

385 3337 486 3426 nique
519 3336 605 3425 vulgi
629 3336 745 3406 oeulos
766 3335 924 3403 inusitata
946 3334 1089 3424 quadam
1110 3344 1143 3404 et
1168 3336 1323 3425 religiosa
1346 3355 1469 3425 pompa

386 3450 638 3540 perstringebat.
653 3448 964 3539 Itaqueincredibili
977 3448 1064 3516 lama
1078 3450 1246 3519 ethonore
1260 3448 1382 3531 lloruit,
1396 3452 1468 3545 ejus

386 3585 508 3635 nomen
525 3585 601 3634 mox
619 3563 847 3654 pervulgatum
866 3572 926 3645 est,
946 3582 1062 3631 omnes
1075 3563 1223 3653 undique
1238 3563 1278 3633 ad
1296 3583 1373 3632 eum
1389 3585 1468 3634 con-

386 3682 562 3752 sulendum
574 3679 796 3753 accurrebant.
806 3679 892 3761 Quid
907 3679 996 3769 quod
1008 3678 1064 3747 nni
1074 3699 1091 3748 e
1101 3680 1342 3770 potentissimis
1353 3683 1467 3750 Romae

387 3798 530 3880 civibus,
554 3796 719 3865 Rutiliano
744 3794 883 3875 scilicet,
906 3795 1006 3863 liliam
1027 3794 1219 3866 collocarit?
1237 3798 1379 3882 Jamque
1395 3794 1468 3862 talis

285 3975 287 3979 ,
385 3912 443 3980 viri
458 3913 563 4002 gratia
575 3910 689 3992 fretus
709 3912 821 3980 omnia
834 3909 971 4000 impune
987 3909 1094 3979 lacere
1110 3910 1232 3999 potuit;
1248 3918 1403 3979 caeternm
1421 3910 1468 3979 ita

418 4110 450 4175 (1)
465 4103 659 4173 Philopseudes.

419 4200 451 4265 (t)
466 4200 658 4264 Philopseudes.

419 4287 453 4351 (3)
465 4290 599 4348 Alexand,
610 4292 634 4338 3.
