3425 5167
847 530 1009 591 -50-

388 661 444 750 qni
456 660 704 740 humanissime,
724 679 765 728 ne
777 658 882 751 dicam
899 662 1068 743 amatorie,
1083 666 1244 731 Venerem
1258 662 1419 747 defendit,
1436 637 1469 735 et

387 782 406 845 J
409 796 565 856 unonem,
576 776 901 848 dumamarissimam
909 754 1306 866 Ganymedismemoriam
1322 786 1464 861 revocat,

388 895 546 964 acerrime
567 895 692 985 pungit,
708 893 767 963 sed
787 894 833 962 ita
852 901 889 962 nt
905 912 1014 982 neque
1038 892 1126 961 illam
1150 893 1235 962 tueri
1256 912 1366 984 neque
1383 895 1468 965 hanc

388 1010 509 1079 laedere
526 1010 610 1079 velle
625 1010 785 1079 videatur.
804 1030 821 1073 «
841 1012 912 1077 lmo
928 1028 1026 1102 vero,
1041 1007 1166 1098 inquit,
1198 1028 1258 1097 ego
1286 1007 1381 1079 robis
1402 1009 1468 1079 dur

387 1144 444 1195 ero
460 1150 466 1193 :
481 1125 553 1214 ipse
564 1124 652 1194 enim
669 1122 759 1212 apud
772 1121 864 1191 ldam
878 1130 1102 1192 commoratus
1116 1142 1201 1203 sum,
1219 1127 1353 1213 quuml
1358 1124 1467 1214 opiter

276 1320 279 1325 ,
388 1248 514 1309 31113131
532 1236 818 1308 adolescentulum
831 1236 966 1327 Phrygis
979 1237 1096 1319 lilium,
1112 1245 1145 1307 31
1158 1238 1281 1328 saepius
1296 1238 1363 1309 huc
1376 1240 1462 1324 reni,
1556 1238 1558 1246 ’

387 1348 499 1417 abillo
521 1348 641 1416 missus
656 1356 692 1416 ut
713 1366 854 1437 puerum
871 1347 1093 1417 observarem.
1116 1370 1133 1415 »
1154 1348 1235 1417 Dein
1257 1349 1343 1417 male
1359 1350 1466 1421 salsus

386 1465 506 1533 volnus
531 1464 565 1533 in
596 1463 731 1534 vulnere
760 1463 866 1534 133313
895 1463 1017 1553 gaudet
1048 1482 1110 1534 nec
1135 1463 1295 1553 suspicari
1332 1466 1466 1556 quidem

386 1580 515 1650 videtur
536 1599 572 1649 se
593 1580 747 1670 cuiquam
773 1578 948 1669 displicere
971 1599 1087 1669 posse,
1112 1599 1216 1669 quum
1241 1574 1373 1669 lon'gius
1389 1581 1464 1651 des-

386 1695 492 1764 cribat
520 1695 619 1777 unde,
653 1694 840 1785 quomodo,
876 1715 974 1785 quam
996 1698 1166 1765 ‘amatorie
1186 1697 1319 1785 juvenis
1345 1702 1466 1768 alove

386 1810 418 1878 in
443 1829 540 1878 auras
565 1809 715 1879 sublatus
742 1809 851 1879 luerit.
882 1810 1047 1890 Quoniam
1073 1818 1186 1879 autem
1211 1810 1252 1880 de
1277 1812 1466 1900 Ganymede

385 1924 512 1994 mentio
532 1924 657 2003 incidit,
677 1943 777 2015 quam
800 1943 876 1994 rere
900 1923 934 1992 in
964 1923 1019 1993 illo
1047 1944 1121 1993 cum
1147 1930 1230 1995 Jove
1254 1915 1465 2016 colloquente

380 2042 549 2131 'puerilem
563 2029 810 2131 simplicitatem
828 2040 993 2110 Lucienus
1008 2038 1051 2130 (l)
1069 2041 1248 2129 expressit!
1266 2040 1368 2109 Enixe
1382 2060 1466 2131 puer

385 2155 509 2246 llagitat
526 2155 611 2224 utin
632 2163 736 2225 terras
752 2174 852 2245 quam
874 2154 1043 2224 celerrime
1063 2155 1270 2237 remittatur,
1290 2156 1409 2224 metuit
1422 2174 1463 2224 33

385 2290 462 2340 suas
486 2290 565 2340 oves
588 2270 657 2360 lupi
684 2269 784 2340 edant
808 2279 840 2339 et
865 2271 976 2359 ipsea
999 2276 1093 2359 patre
1116 2289 1184 2338 nou
1208 2289 1330 2359 paucas
1351 2269 1463 2361 plagas

327 2378 330 2389 '
384 2375 534 2475 accipiat,
550 2393 595 2468 et,
611 2406 687 2455 cum
703 2386 923 2475 respondetur
935 2384 969 2454 in
989 2381 1072 2454 co'elo
1088 2382 1287 2453 manendum
1304 2403 1391 2466 esse,
1412 2385 1464 2452 in-

384 2522 492 2592 genue
516 2499 701 2570 sciscitatur
722 2501 855 2590 qualem
879 2500 1054 2570 habiturus
1069 2500 1111 2569 sit
1138 2500 1301 2589 aequalem
1319 2519 1464 2590 quocum

384 2613 491 2704 possit
501 2612 679 2693 colludere,
692 2620 725 2681 et
739 2611 801 2679 alia
811 2612 887 2681 13113
898 2632 970 2702 quae
984 2610 1137 2681 eximiam
1151 2610 1303 2679 candoris
1317 2613 1464 2700 speciem

384 2748 451 2818 prae
468 2748 505 2797 33
518 2727 639 2797 lerunt.
655 2730 726 2796 llon
740 2726 821 2822 satis
836 2727 941 2796 doleri
957 2734 1068 2816 potest
1087 2725 1178 2815 quod
1190 2725 1244 2794 hic
1259 2724 1410 2815 dialogus
1430 2727 1464 2796 in
1532 2741 1538 2774 ³

318 2872 328 2880 ·
382 2843 607 2934 impurissima
620 2861 656 2911 13
676 2826 850 2912 versetur:
872 2842 936 2911 hoc
956 2842 983 2910 si
1004 2840 1121 2908 vitium
1138 2840 1281 2922 abesset,
1303 2841 1461 2912 omnihus

383 2954 1464 3057 numerisabsolutumperlectumqueopusculumesseaffirmare

383 3094 450 3144 non
467 3074 668 3145 dubitarem.

403 3241 405 3243 ψ
425 3194 538 3280 Neque
554 3196 679 3259 tantum
695 3207 804 3257 rerum
823 3195 856 3257 et
870 3185 1099 3277 dispositionis
1112 3205 1274 3255 summam
1290 3206 1309 3255 a
1327 3190 1462 3259 comicis
1484 3198 1487 3203 '

381 3304 483 3373 sumit
499 3304 672 3382 lucianus,
691 3300 752 3372 sed
763 3300 941 3391 aliquando
956 3300 1057 3370 etiam
1076 3301 1206 3390 singula
1222 3301 1382 3402 imitatur.
1399 3303 1460 3374 Hic

382 3426 492 3488 autem
514 3425 640 3487 3113313
665 3426 698 3487 31
719 3417 957 3506 circumspecto
973 3414 1099 3504 judicio
1120 3413 1287 3505 agendum
1307 3423 1375 3498 est;
1411 3437 1465 3487 oa-

290 3518 292 3522 ’
381 3532 525 3601 rendum
541 3551 582 3601 ne
597 3530 679 3600 13133
694 3529 919 3599 similitudinis
935 3530 1046 3620 specie
1069 3529 1282 3618 decipiamur,
1302 3538 1463 3621 aut'quo-

381 3648 588 3739 tiescumque
602 3668 689 3717 unus
706 3656 763 3717 aut
781 3646 863 3717 alter
881 3645 1016 3716 Luciani
1043 3646 1136 3715 locus
1161 3644 1296 3715 comicis
1323 3665 1461 3736 compa-

380 3762 445 3831 rari
460 3762 575 3852 possit,
590 3763 769 3832 lucianum
778 3761 930 3852 protinus
941 3779 1096 3831 vocemus
1108 3760 1323 3830 imitatorem.
1340 3762 1464 3831 Voluit-

381 3897 423 3947 ne
444 3877 548 3960 enim,
570 3886 608 3946 ut
635 3876 756 3967 aliquis
780 3884 907 3958 censet,
927 3874 1112 3965 dialogum,
1132 3877 1165 3943 in
1188 3894 1255 3965 quo
1271 3875 1412 3951 Annibal
1429 3885 1463 3946 31

381 3992 489 4081 Scipio
518 3991 764 4081 colloquuntur,
795 3988 837 4059 ad
866 3994 985 4059 113331
1014 3989 1241 4079 Aristophanis
1279 3988 1463 4079 effingeret

414 4236 451 4301 11)
466 4237 562 4299 1113131.
579 4236 697 4294 Deorum,
713 4241 738 4284 4.
