3425 5167
842 547 1000 606 -.ge-

385 679 448 748 Sed
472 679 611 768 Epicuro
629 680 655 748 si
673 679 806 749 libuerit
819 699 967 749 asserere
990 700 1091 749 «non
1103 680 1302 750 laboriosum
1317 681 1362 769 (ll
1385 702 1460 753 esse

385 794 528 865 scribere
548 818 577 875 »,
600 815 716 866 omnes
733 797 765 863 in
784 796 876 865 illurn
892 796 1086 886 irrumpent,
1109 797 1194 867 illius
1211 816 1327 869 rocem
1346 797 1459 890 oppri-

385 918 487 979 ment.
506 911 591 994 Quid
607 916 704 1001 ergo?
725 911 835 981 Solum
851 912 981 1001 Epicuri
999 931 1119 981 nomen
1133 921 1324 1004 suspectum
1338 923 1456 998 esbel,

384 1026 532 1115 quamvis
553 1027 701 1097 eamdem
719 1027 859 1098 sortasse
876 1048 974 1119 quarn
994 1030 1150 1114 Horatius
1170 1041 1202 1098 et
1224 1032 1357 1100 Bulaeus
1378 1050 1459 1102 sen·

383 1142 519 1210 tentiam
532 1161 725 1232 expromere
740 1144 892 1225 voluerit,
912 1163 1027 1213 omnes
1042 1144 1261 1234 suspicantur,
1280 1139 1400 1215 omne's
1414 1146 1461 1215 in·

383 1267 605 1360 terpretantur
615 1260 790 1350 Epicurum
804 1263 848 1332 ita
863 1283 923 1333 suo
941 1264 1136 1355 sapientiem
1152 1280 1299 1353 ἀταραξίαν
1310 1266 1461 1355 praescri-

380 1361 1461 1459 bere,uteumrelascribendilaboredeterreat.'PossemSenecae

384 1492 614 1561 auctoritatem
628 1492 768 1583 allegare
780 1493 836 1583 qui
850 1494 1001 1564 eamdem
1014 1495 1179 1572 virtutem,
1190 1495 1317 1563 scilicet
1327 1495 1458 1589 elegan-

381 1607 471 1688 tiam,
491 1598 632 1698 Epicuro
649 1608 812 1689 concedit,
830 1629 929 1699 quarn
950 1609 1074 1679 rullius
1095 1628 1159 1678 non
1177 1610 1305 1692 tribuit;
1322 1630 1458 1701 possem

382 1721 545 1813 imprimis
559 1723 675 1793 allatos
689 1743 709 1791 a
724 1729 847 1794 Seneca
862 1726 963 1804 locos,
982 1744 1107 1814 eosque
1127 1725 1193 1795 n'on
1210 1744 1346 1815 paucos
1367 1746 1459 1821 com·

381 1858 580 1921 memorare,
603 1860 620 1910 e
644 1840 766 1932 quibus
786 1842 890 1912 mulla
909 1850 1015 1925 acute,
1035 1841 1138 1910 multo
1154 1842 1338 1931 ingeniose,
1355 1843 1459 1914 mulla

381 1953 493 2044 lepide
507 1957 682 2045 Epicurum
700 1956 822 2026 dixisse
841 1957 920 2026 satis
939 1964 1087 2046 apparel.
1100 1954 1162 2025 Sed
1178 1963 1287 2025 tamen
1298 1958 1456 2048 pleraque

381 2069 498 2160 ignare
511 2080 543 2140 el
555 2072 758 2162 ineleganter
770 2074 929 2161 Epicurus
939 2070 1105 2161 scripserit
1118 2092 1125 2137 :
1137 2078 1220 2152 esto,
1233 2091 1354 2162 perine
1367 2073 1454 2156 lieet,

382 2193 414 2253 et
429 2186 535 2255 Tullio
561 2186 672 2277 potins
700 2206 800 2277 quam
829 2190 962 2257 Senecae
993 2187 1127 2256 credere
1157 2187 1244 2258 rolo.
1263 2187 1327 2257 Sed
1349 2188 1458 2260 eidem
1557 2197 1560 2216 ⁴

381 2299 511 2371 credam
528 2319 663 2392 quoque
684 2300 861 2370 declaranti
877 2302 1053 2391 Epicurum
1070 2324 1088 2368 c
1107 2311 1140 2371 et
1153 2301 1326 2393 complecti
1347 2304 1457 2375 verbis

381 2417 470 2508 qnod
503 2418 580 2487 velit
615 2426 647 2487 et
668 2417 765 2507 plane
795 2418 952 2487 dicere».
985 2419 1080 2500 Quod
1105 2418 1241 2509 quidem
1261 2421 1469 2509 comprobat·

379 2532 534 2622 Diogenis
554 2532 671 2602 Laertii
691 2532 919 2603 testimonium
937 2557 943 2601 :
963 2554 1063 2624 quem
1086 2538 1112 2604 si
1131 2537 1295 2615 audimus,
1313 2535 1360 2605 ita
1375 2555 1456 2625 pro-

380 2648 459 2738 priis
477 2658 509 2718 et
527 2648 775 2719 dominantibus
802 2643 912 2720 verbis
938 2650 985 2720 nti
1010 2650 1139 2720 solebat
1156 2652 1326 2742 Epicurus
1352 2659 1391 2720 ul
1423 2654 1454 2721 ei

379 2768 543 2856 vulgarem
570 2766 753 2837 orationem
778 2767 1013 2857 Aristophanes
1033 2770 1264 2857 grammaticus
1277 2768 1452 2857 objiceret,

378 2881 424 2953 ita
439 2884 544 2954 clarus
562 2892 630 2954 erat
646 2884 730 2954 utin
746 2884 829 2953 libro
857 2883 899 2952 de
917 2882 1109 2952 Rhetorice
1128 2885 1207 2953 nihil
1239 2883 1328 2954 aliud
1354 2905 1453 2975 quarn

378 2996 463 3068 clare
480 2997 590 3089 eloqui
604 2998 645 3067 ab
662 3005 791 3066 oratore
814 2995 1007 3086 postularet.
1041 2996 1134 3065 Haud
1156 2996 1309 3086 equidem
1335 2997 1450 3085 ignoro

377 3115 557 3204 Diogenem
573 3122 685 3183 contra
701 3133 737 3183 se
763 3112 1008 3203 quodammodo
1039 3111 1135 3181 nobis
1169 3129 1258 3179 arma
1286 3112 1450 3199 praebere;

378 3247 480 3319 quum
498 3227 588 3296 enim
599 3236 666 3296 tres
681 3227 836 3316 epistolas
854 3227 985 3317 Epicuri
996 3228 1139 3318 integras
1157 3226 1280 3309 afferat,
1297 3226 1453 3317 inprime

378 3342 569 3413 etsecnnda
584 3343 687 3411 multa
704 3342 786 3411 adeo
811 3342 953 3412 obscura
969 3351 1143 3415 occurrunt
1170 3350 1206 3412 ut
1234 3343 1286 3411 viu
1310 3343 1451 3435 intelligi

379 3467 520 3552 queant:
542 3456 601 3527 sed
622 3458 673 3528 oui
686 3438 885 3546 assignanda
910 3466 960 3528 est
980 3459 1096 3549 culpa?
1123 3449 1291 3548 Epicuroi‘
1303 3459 1365 3548 ipsi
1383 3479 1453 3529 ma-

379 3574 489 3644 teriael
501 3572 662 3641 librariis?
675 3572 837 3642 Omnibus
848 3571 999 3655 fortasse,
1011 3582 1044 3642 et
1057 3573 1138 3662 ipsis
1149 3572 1338 3652 lectoribus,
1350 3574 1378 3642 si
1395 3576 1450 3663 qni

378 3688 622 3779 philosophiam
643 3688 756 3758 leviter
786 3695 913 3755 lantum
938 3698 971 3757 et
1000 3687 1094 3777 quasi
1120 3688 1320 3777 primoribus
1352 3689 1450 3758 labris

377 3804 566 3894 attigerunt.
583 3808 663 3872 llam
682 3804 762 3894 quid
780 3804 910 3872 tandem
936 3811 986 3873 est
1014 3823 1071 3873 cur
1100 3806 1195 3874 tertia
1222 3804 1352 3874 duabus
1378 3806 1451 3874 aliis

377 3922 474 4013 longe
490 3923 607 3992 clarior
623 3922 682 4003 sil,
699 3923 761 3991 nisi
782 3924 871 4012 quod
889 3926 920 3991 in
939 3923 1077 3992 materie
1094 3931 1242 3993 versatur
1256 3922 1368 3993 minus
1393 3911 1450 3992 ab·

377 4045 495 4121 secuse,
514 4037 624 4107 minus
638 4036 817 4118 recondita,
837 4057 936 4127 quarn
952 4036 1082 4108 facilius
1098 4046 1131 4107 et
1146 4037 1308 4128 explicare
1322 4047 1446 4118 auctor,

408 4285 437 4342 (ll
452 4284 553 4347 Dionys.
570 4283 710 4341 ilai-icaro..
725 4283 756 4334 dc
771 4286 902 4349 composil.
920 4286 991 4338 verb.
1006 4290 1037 4337 el
1052 4287 1097 4337 lin.
